3352 5138
309 257 352 320 56
783 252 899 308 Publilii
917 251 980 321 Syri

341 435 375 484 25
400 418 542 496 Stultum
566 421 615 482 est
639 417 729 502 queri
753 416 791 480 de
815 415 968 498 aduersis,
990 415 1047 479 ubi
1070 415 1164 499 eulpa
1186 415 1236 477 est
1258 415 1323 476 tua.

400 524 488 590 Solet
511 525 601 609 hora,
625 523 710 607 quod
733 523 828 586 multi
852 523 928 586 anni
952 522 1165 605 abstulerunt,
1188 517 1328 583 reddere.

400 629 501 716 Spina
524 631 622 695 etiam
646 631 740 713 grata
764 632 822 711 est,
846 650 884 692 ex
907 650 970 712 qua
993 631 1156 712 spectetur
1178 648 1263 692 rosa.
1376 628 1383 636 '

400 737 542 802 Stultum
567 739 616 801 est
638 737 781 800 uicinum
804 735 886 799 uelle
910 735 1022 800 ulcisci
1044 733 1201 798 incendio.

348 844 353 859 ¹
401 841 544 907 Stultum
566 841 646 907 facit
668 841 807 926 fortuna,
830 863 925 926 quem
948 841 1020 906 uult
1042 841 1183 924 perdere.

343 967 377 1014 30
402 948 480 1032 Spes
504 949 645 1032 inopem,
667 971 718 1013 res
742 971 885 1032 auarum,
910 970 998 1012 mors
1022 947 1175 1012 miserum
1198 946 1295 1009 leuat

362 1127 363 1132 η
401 1053 441 1118 Se
466 1054 600 1118 damnat
621 1054 725 1138 iudex,
749 1055 953 1118 innocentem
978 1054 1034 1138 qui
1058 1052 1220 1137 opprimit.

402 1159 470 1225 Sibi
492 1161 564 1244 ipsa
586 1161 777 1244 improbitas
803 1161 891 1244 cogit
913 1160 983 1224 fieri
1006 1159 1166 1223 iniurium.

402 1265 486 1330 Satis
510 1269 560 1330 est
583 1267 705 1351 beatuS,
729 1267 783 1350 qui
806 1269 916 1350 potest
939 1288 1011 1330 oum
1034 1265 1107 1330 uult
1129 1264 1218 1329 mori.

331 1405 333 1410 ·
402 1371 492 1436 Solet
514 1373 605 1456 sequi
628 1374 708 1457 laus,
731 1395 804 1437 cum
827 1373 914 1436 uiam
936 1372 1014 1437 fecit
1036 1371 1137 1436 labor.

230 1567 232 1570 .
344 1493 377 1543 35
402 1477 515 1542 Soeius
538 1480 576 1542 fit
599 1478 719 1563 eulpae,
742 1479 798 1564 qui
820 1481 990 1543 nocentem
1014 1477 1171 1542 subleuat.

402 1583 547 1670 Suspicio
571 1585 635 1650 sibi
658 1586 730 1669 ipse
752 1585 871 1650 riuales
894 1586 989 1670 perit.
1105 1575 1109 1582 ’

402 1690 533 1776 Semper
556 1693 773 1766 metuendum,
797 1692 947 1791 quicquid
970 1692 1068 1800 irepci
1091 1693 1208 1775 potest.

403 1796 524 1860 Seditio
549 1797 667 1861 ciuium
689 1797 833 1862 hostium
858 1802 908 1862 est
931 1798 1066 1863 occasio.

346 2024 380 2072 40
405 2007 554 2072 Stultitia
578 2012 628 2072 est
650 2009 812 2095 insectari,
836 2027 931 2096 quem
955 2011 987 2074 di
1011 2011 1160 2094 diligunt.

345 2129 355 2189 ᾗ
381 2113 463 2178 -Sat
486 2134 607 2199 magna
629 2137 727 2180 usura
751 2119 801 2180 est
823 2139 882 2200 pro
905 2117 1060 2182 beneficio
1084 2117 1249 2181 memoria.

344 2245 347 2273 ι
406 2219 483 2286 Sero
507 2222 542 2284 in
564 2222 692 2305 periclis
717 2225 767 2287 est
790 2223 960 2288 consilium
984 2245 1144 2308 quaerere.

299 2410 301 2415 Α
351 2329 384 2392 Z
403 2326 469 2392 Sue
492 2332 602 2392 seruat
623 2329 678 2412 qui
702 2329 795 2394 salua
818 2351 888 2394 esse
911 2331 981 2394 uult
1004 2331 1197 2397 communia.

405 2420 492 2499 Satis
516 2439 565 2499 est
588 2457 738 2519 superare
761 2436 935 2520 inimicum,
958 2437 1096 2501 nimium
1120 2441 1169 2502 est
1191 2436 1330 2521 perdere.

347 2557 381 2605 46
406 2539 607 2625 Suspiciosus
631 2543 776 2606 omnium
800 2543 933 2606 damnat
955 2543 1059 2608 fidem.

407 2645 552 2732 Suspicio
576 2647 724 2731 probatis
747 2649 847 2713 tacita
870 2649 989 2713 iniuria
1013 2653 1071 2714 est.
1397 2651 1461 2715 680

389 2936 423 2984 26
442 2930 582 2984 abstulert
600 2929 640 2984 F:
660 2929 833 2996 abstulerant
846 2929 972 3000 Spenpet,
992 2927 1159 2984 abstulerint
1180 2929 1264 2998 uulpo
1340 2937 1373 2985 27
1393 2943 1460 3000 κπψ

359 3019 476 3087 deque
499 3038 516 3072 κ
562 3035 596 3072 ex
623 3035 680 3087 qua
704 3020 932 3092 ,exspectaturo
1019 3025 1052 3073 28
1076 3031 1146 3087 κπψ
1196 3017 1297 3073 uitium
1319 3040 1341 3074 π
1389 3021 1460 3075 uelle

318 3125 409 3163 ouen
454 3095 528 3161 uelle
555 3107 608 3162 ulc.
628 3118 655 3176 'ru
728 3113 762 3162 30
780 3119 828 3176 πψ
906 3109 1078 3178 31019,1
1121 3109 1171 3178 qui
1192 3109 1393 3164 inocentemO

323 3203 356 3251 32
382 3194 437 3266 ipsi
463 3195 564 3251 Gruter
649 3201 684 3250 34
707 3215 748 3250 πσ
789 3196 889 3252 fecerit
913 3216 946 3266 π,
972 3197 1080 3252 fucito
1151 3204 1184 3252 35
1212 3199 1243 3252 Τ.
1267 3217 1286 3251 α
1306 3204 1353 3254 ter.
1379 3210 1427 3268 πψ

320 3287 450 3341 subleuat
467 3287 546 3356 Iup:
565 3287 643 3341 leuat
660 3286 696 3355 F,
715 3286 795 3341 iuuet
813 3307 831 3340 α
850 3287 891 3341 bis
909 3299 966 3356 πψ,
990 3287 1107 3342 adiuuet
1125 3307 1144 3340 α
1190 3287 1239 3356 qui
1258 3289 1367 3342 sontem
1385 3287 1459 3344 iubet

319 3376 482 3446 perdereT
556 3381 590 3428 36
609 3396 626 3429 κ
668 3375 786 3446 suspitio
806 3375 837 3428 F
874 3375 937 3446 ipsa
960 3375 1013 3430 sibi
1036 3397 1053 3430 κ
1093 3375 1201 3431 facitu
1279 3381 1312 3430 38
1332 3388 1380 3446 πψ
1421 3379 1460 3432 est

321 3481 378 3519 occ.
402 3464 474 3518 host.
498 3481 533 3530 π,
556 3479 613 3518 occ.
632 3463 664 3517 fit
686 3464 802 3534 hortu
879 3471 913 3518 39
938 3481 1023 3519 ceusu
1041 3466 1120 3534 Iup:
1146 3481 1227 3519 cesus
1246 3465 1277 3519 F
1311 3464 1348 3519 sit
1365 3466 1397 3518 F

321 3560 356 3608 4o
379 3553 408 3607 di
431 3554 494 3608 add.
517 3552 632 3624 Speupel
652 3558 676 3608 et
696 3553 856 3608 Buecheler:
879 3569 929 3608 om.
953 3554 984 3607 F
1022 3553 1118 3624 diligit
1140 3555 1170 3608 F
1244 3559 1368 3608 41απσ
1408 3556 1460 3610 stet

321 3661 376 3712 πσ,
400 3642 468 3697 satis
492 3662 511 3696 α
552 3658 636 3696 usuro
658 3642 702 3696 est
721 3642 799 3711 Iup:
824 3643 867 3696 est
885 3660 925 3696 us.
946 3642 1007 3712 Fu,
1031 3644 1075 3697 est
1092 3659 1141 3712 om.
1157 3659 1199 3696 πσ
1235 3640 1304 3697 sutis
1323 3644 1365 3698 eet
1382 3659 1418 3698 nu
1435 3661 1458 3697 u.

321 3749 372 3804 pro
393 3732 421 3788 b.
440 3749 476 3785 m.
496 3731 576 3785 Burt.
596 3731 633 3784 da
656 3729 716 3784 Seu
734 3728 885 3785 Ooucordio
908 3730 1069 3786 Ammoeetr.
1088 3731 1149 3786 dist.
1171 3736 1216 3799 17,
1236 3737 1265 3800 2,
1285 3738 1300 3786 6
1383 3738 1417 3790 42
1440 3731 1459 3786 0

323 3829 364 3890 16,
385 3827 409 3876 2.
433 3837 475 3873 πσ
515 3817 627 3888 periclis
651 3819 807 3885 Destilloo,
832 3818 964 3886 Ribbeck,
986 3818 1116 3889 periculis
1142 3817 1246 3873 OFnc
1292 3823 1335 3876 est
1356 3821 1386 3875 in
1408 3838 1452 3892 per

321 3911 396 3965 Fero

395 4001 422 4054 Ζ
439 3999 490 4068 (Τ)
509 3999 588 4053 uacet
610 4011 705 4051 cesos
723 4001 766 4051 43.
786 4001 810 4051 r.
830 4002 872 4051 44.
894 4003 917 4052 r.
939 4002 980 4052 10.
999 4003 1042 4052 45.
1061 4005 1103 4053 46.
1123 4005 1165 4054 47.
1185 4003 1227 4053 48.
1252 3999 1275 4052 Ε
1299 4006 1341 4054 21.
1360 4005 1395 4054 49

323 4097 357 4144 43
377 4088 470 4143 seruet
489 4085 538 4156 qui
555 4084 667 4139 Nauck:
691 4082 739 4151 qui
757 4085 852 4138 seruat
872 4084 898 4137 Τ
936 4100 996 4138 esse
1014 4085 1077 4138 uult
1100 4086 1256 4154 Woelfflin:
1280 4089 1343 4142 uult
1360 4089 1459 4144 esse·T

249 4165 255 4172 ’
359 4195 439 4231 suum
462 4173 511 4245 qui
533 4175 639 4242 seruat,
668 4172 747 4227 selua
765 4172 828 4226 uult
851 4171 1009 4226 communia
1027 4173 1172 4230 Froehlielo
1248 4182 1283 4231 44
1307 4195 1365 4247 sup.
1390 4177 1457 4232 inin.

324 4267 436 4333 Haupt:
459 4261 490 4316 in
512 4279 572 4330 sup.
593 4261 619 4314 Τ
693 4265 728 4316 46
751 4259 918 4331 suspiciosus
936 4259 1048 4318 Noucle:
1073 4263 1201 4334 suspicax
1219 4264 1327 4320 unimus
1346 4283 1369 4320 o.
1390 4267 1458 4320 dun·

324 4355 393 4426 pust
419 4352 444 4405 Τ
477 4357 542 4421 post
563 4359 598 4408 48
622 4352 701 4408 addit
721 4352 747 4405 Τ
767 4349 789 4402 Ε
809 4353 842 4402 21
867 4346 932 4402 Sine
954 4348 1017 4418 lege
1040 4357 1086 4408 etc.
