3352 5138
347 391 391 454 44
821 392 935 447 Publilii
955 391 1017 462 Syri

399 572 414 619 5
439 555 555 620 Nullus
569 560 621 620 est
634 559 703 621 tam
717 560 805 620 tutus
821 559 983 641 quaestus,
1006 579 1101 642 quam
1118 556 1203 640 quod
1218 556 1339 620 habeas
1353 577 1516 638 parcere.

436 663 573 729 Nescias
597 663 675 746 quid
699 666 790 747 optes
814 667 871 727 aut
894 664 970 748 quid
993 663 1112 748 fugias:
1136 664 1183 727 ita
1206 663 1290 727 ludit
1313 661 1390 726 dies.

436 769 622 854 Numquam
645 770 801 854 periclum
826 771 895 835 sine
917 772 1037 855 periclo
1062 771 1210 835 uincitur.

437 874 537 940 Nulla
559 879 628 941 tam
651 876 737 940 bona
760 881 810 940 est
832 876 976 960 fortuna,
1005 877 1043 941 de
1067 901 1131 961 qua
1158 877 1241 942 nihil
1263 878 1371 960 possis
1395 878 1512 961 queri.

438 981 608 1068 Nusquam
637 984 751 1048 melius
780 983 936 1048 morimur
967 985 1115 1049 homines
1144 1007 1240 1070 quam
1273 984 1329 1048 ubi
1356 985 1511 1048 libenter

988 1093 1136 1156 uiximus
1430 1091 1508 1156 385

383 1214 414 1262 10
438 1196 588 1284 Negandi
612 1220 708 1262 causa
732 1221 866 1262 auarum
890 1221 1068 1282 numquam
1092 1199 1207 1263 deficit.

376 1399 413 1458 Ψ
434 1394 592 1460 Naturam
617 1394 787 1459 abscondit
810 1417 883 1459 cum
906 1395 1072 1478 improbus
1096 1398 1180 1459 recte
1203 1395 1289 1459 facit.
1366 1459 1372 1476 ‚

438 1500 513 1566 Non
536 1502 639 1586 turpis
664 1505 713 1567 est
736 1503 867 1566 cicatrix
890 1524 988 1585 quam
1011 1502 1114 1565 uirtus
1138 1503 1232 1586 parit.

439 1607 623 1692 Numquam
648 1609 704 1673 ubi
728 1608 782 1672 diu
805 1608 868 1672 fuit
890 1609 976 1693 ignis
1000 1608 1119 1673 defecit
1141 1623 1251 1692 uapor.

438 1714 578 1780 Necesse
602 1718 652 1779 est
675 1715 809 1780 minima
832 1716 1048 1780 maximorum
1071 1736 1141 1779 esse
1167 1715 1268 1780 initia.
1432 1717 1504 1780 390

383 1837 415 1885 15
429 1821 514 1887 ¹Non
538 1822 674 1906 corrigit
696 1822 752 1886 sed
775 1821 876 1886 laedit
899 1822 954 1906 qui
976 1821 1113 1886 inuitum
1137 1824 1229 1907 regit.

440 1926 551 1992 Nimia
573 1929 775 1994 concedendo
798 1929 961 1993 interdum
984 1930 1023 1992 fit
1046 1929 1214 1994 stultitia*

381 2064 387 2092 ι
440 2034 531 2099 Nihil
555 2036 660 2120 magis
684 2039 773 2100 amat
795 2037 955 2120 cupiditas
980 2059 1075 2120 quam
1099 2035 1184 2121 quod
1207 2059 1273 2101 non
1297 2038 1381 2103 licet

440 2140 514 2205 Nisi
537 2143 679 2206 uindices
703 2143 821 2207 delicta
843 2143 1084 2227 improbitatem
1110 2144 1250 2208 adiuues.

440 2247 528 2312 Nulli
551 2248 679 2314 facilius
703 2272 799 2334 quam
823 2251 909 2315 malo
933 2250 1078 2315 inuenies
1103 2273 1222 2334 parem.
1429 2250 1497 2315 395

384 2371 418 2418 2ο
441 2349 533 2418 Nihil
556 2377 623 2420 non
646 2357 796 2421 acerbum
819 2357 909 2441 prius
934 2379 1030 2442 quam
1054 2361 1216 2422 maturum
1239 2357 1309 2421 fuit.

298 2687 301 2692 ¹
352 2635 427 2672 mam
442 2619 559 2688 erun,
578 2621 687 2675 ruinam
705 2585 790 2676 rue
803 2642 821 2674 a
836 2623 878 2676 ou
892 2621 946 2676 sa
1016 2628 1032 2675 5
1051 2623 1111 2676 aa
1126 2623 1202 2676 uus
1217 2623 1261 2677 aa
1277 2623 1369 2677 cerus
1389 2622 1495 2690 1101111-

352 2709 406 2762 lin:
425 2709 522 2764 tentus
540 2712 616 2766 codd.
654 2728 768 2781 parcere
783 2714 861 2781 Ino:
881 2728 976 2767 arcere
992 2711 1086 2778 PFG,
1107 2712 1268 2778 carcerali,
1287 2728 1381 2766 carere
1397 2714 1423 2765 A
1434 2713 1494 2767 Iac.

424 2805 540 2855 boemo
559 2795 671 2870 quidO
704 2801 779 2870 quod
801 2802 829 2855 R
865 2819 901 2856 au
915 2799 1048 2870 R(aP¹³)‚
1068 2802 1142 2856 hau?
1161 2800 1280 2856 Ribbeck
1316 2801 1385 2872 quid
1403 2801 1498 2856 om.0

425 2889 488 2942 1Τ
505 2889 610 2944 Gellius
629 2897 671 2959 17,
692 2897 725 2944 14
763 2892 888 2946 Maerob.
910 2891 968 2946 Sal.
988 2896 1048 2958 2,1
1085 2889 1265 2960 periclum..
1289 2889 1395 2960 periclo
1415 2889 1496 2944 Gellii

353 2978 443 3031 codd:
462 2977 617 3047 periculum
635 2979 770 3049 (periculo
791 2978 847 3048 Pb)
863 3022 890 3036 ..
911 2977 1035 3049 periculo
1055 2979 1176 3034 Publilii
1193 2979 1269 3034 codd.
1344 2983 1360 3048 8
1381 2981 1404 3031 Φ
1426 2983 1494 3046 11,2

389 3065 469 3120 Nulli
484 3067 510 3119 Z
522 3067 586 3122 fort.
601 3068 685 3122 estF
720 3066 859 3122 estom.S
893 3067 934 3122 nil
948 3067 979 3122 F
1013 3067 1110 3136 quaeri
1124 3067 1184 3121 PF
1213 3067 1292 3136 queri
1305 3066 1494 3137 possitSnt.

354 3158 381 3213 b.
396 3158 440 3212 cst
458 3175 528 3213 uxor
545 3157 575 3212 in
593 3175 650 3228 qua
666 3175 723 3214 non
743 3157 870 3226 inuenies
890 3157 963 3226 quod
986 3158 1110 3226 queraris
1131 3161 1154 3211 Φ
1236 3163 1252 3210 9
1271 3173 1425 3227 numquam
1443 3157 1463 3211 S

355 3246 481 3314 homines
499 3263 549 3302 om.
570 3247 618 3303 OS
625 3249 652 3302 Z
685 3248 745 3304 ubi:
766 3238 830 3302 cum
845 3247 896 3303 OS
931 3246 1052 3302 uiuimus
1066 3247 1153 3302 Bothe
1226 3253 1259 3300 10
1278 3246 1310 3299 F
1325 3247 1424 3300 ilerum
1433 3250 1492 3314 post

355 3349 389 3398 46
462 3355 578 3394 auarum
609 3339 640 3392 F
666 3343 731 3407 poet
759 3355 868 3394 aereum
907 3344 954 3393 46:
992 3353 1077 3392 auaro
1104 3335 1286 3390 PRAFSZ
1331 3335 1423 3388 Auaro
1449 3347 1492 3387 ne-

356 3432 442 3503 gandi
461 3448 544 3488 causa
562 3449 588 3484 n.
608 3431 634 3485 d.
659 3432 761 3500 poelA
780 3428 858 3483 330
892 3425 995 3482 defecit
1023 3425 1095 3493 PR,
1123 3423 1193 3479 fucit
1220 3424 1251 3477 F
1271 3429 1336 3492 poet
1362 3429 1397 3478 46
1442 3423 1492 3477 Hic

355 3536 451 3575 aereae
482 3521 595 3574 ultimas
626 3524 665 3574 est
695 3519 726 3572 in
754 3518 792 3585 Σ,
824 3517 874 3571 abi
904 3516 1052 3570 eeclerdioe
1078 3514 1200 3584 pedestri
1229 3513 1353 3568 oroliorcc
1383 3513 1493 3582 scriptae

354 3614 512 3680 sequuntur.

432 3721 462 3771 Ψ
478 3717 529 3788 (F)
548 3718 635 3773 habet
655 3721 687 3771 18
716 3715 868 3770 sententias
894 3711 1036 3767 ‘Nondum
1059 3711 1125 3765 felix
1149 3727 1178 3765 es
1193 3752 1220 3766 ..
1241 3710 1401 3778 Numquam
1426 3709 1492 3763 euim

357 3807 446 3863 scelus
462 3849 468 3861 .
484 3808 505 3861 .’
528 3811 570 3875 (ex
584 3808 630 3876 Σ),
648 3807 744 3861 deinde
760 3803 865 3875 (cxsslz
885 3801 916 3856 F
929 3807 1040 3855 11-46.
1059 3806 1099 3854 10.
1115 3804 1219 3854 47-59
1255 3811 1327 3867 deo
1345 3801 1375 3852 Ψ
1388 3803 1490 3852 12-15.

360 3905 400 3954 19.
419 3903 462 3952 21.
482 3904 524 3952 20.
544 3901 631 3952 221.
651 3901 693 3950 24.
713 3899 817 3948 21129.
838 3898 880 3947 30.
901 3896 942 3946 38.
963 3895 1007 3944 40.
1027 3896 1070 3944 44.
1090 3895 1132 3943 45.
1152 3893 1194 3944 41.
1214 3894 1257 3942 48.
1277 3893 1319 3941 51.
1340 3892 1382 3942 53.
1400 3891 1442 3942 55.
1455 3893 1490 3941 bl.
1537 3941 1540 3950 ,

358 3994 405 4055 59;
424 3989 526 4042 eoadem
544 3985 625 4040 Bari.
700 3989 731 4037 11
752 4000 816 4037 cum
829 3981 910 4052 impr.
924 3981 1024 4035 Bolbe:
1038 3979 1056 4034 i.
1068 3997 1091 4035 c.
1107 3979 1137 4032 F
1209 3983 1241 4030 12
1255 3988 1278 4046 ψ
1292 3977 1373 4032 Ball.
1410 3974 1491 4045 turpio

357 4079 399 4132 est
423 4076 579 4143 Woelfflin:
599 4091 621 4130 e.
641 4075 661 4129 t.
681 4073 712 4126 F
719 4083 741 4140 q
815 4077 847 4125 13
868 4091 886 4124 α
905 4076 952 4126 ter.
975 4081 1028 4138 κψ
1047 4070 1128 4124 Borl.
1167 4066 1215 4122 diu
1234 4067 1328 4121 om.O
1363 4065 1491 4134 defecitd

358 4167 456 4222 Halm:
476 4163 570 4220 deficit
589 4163 612 4218 0
629 4182 646 4216 c
666 4167 713 4217 ter.
729 4161 839 4226 Gruter,
859 4157 962 4214 cecidit
978 4158 1027 4211 Fa
1063 4167 1193 4226 pauorq
1268 4161 1301 4209 14
1320 4166 1369 4222 aq
1384 4155 1461 4209 Borl.

358 4255 543 4310 maximorum
565 4269 625 4308 esse
650 4252 794 4320 Woelfflin
812 4251 966 4304 Philotae
987 4250 1078 4316 (1865)
1102 4264 1133 4316 p.
1152 4251 1217 4301 457:
1246 4262 1269 4302 e.
1289 4263 1325 4300 m.
1346 4244 1406 4313 Fu
1442 4261 1490 4298 esse

358 4363 407 4402 ona
428 4365 445 4399 κ
480 4343 562 4399 initia
579 4363 596 4397 κ
616 4342 773 4410 Woelfflin:
796 4339 868 4395 uitia
885 4338 946 4408 Fe
964 4337 1045 4392 Bort.
1121 4344 1154 4391 lt
1174 4347 1225 4405 αψ
1244 4335 1327 4390 Bait.
1364 4333 1490 4390 uitiumc

432 4440 464 4489 16
484 4432 607 4489 stultitia
622 4431 734 4487 stultior
745 4431 842 4500 Meyer
916 4433 948 4482 1⁷
968 4446 986 4480 α
1001 4427 1050 4483 bis.
1065 4447 1082 4482 κ
1118 4426 1209 4498 magis
1224 4442 1275 4482 om.
1293 4445 1312 4478 α
1327 4425 1369 4480 bis
1405 4439 1489 4493 quan:

359 4523 414 4581 nisi
428 4523 498 4579 ubic
571 4528 604 4577 19
620 4532 664 4591 nib
680 4520 761 4574 Bcrl.
797 4516 939 4587 nulliusp
976 4515 1104 4572 inuenies
1118 4516 1263 4585 Woelfflin
1335 4511 1488 4581 20211111.
