3352 5138
595 375 635 430 De
654 375 792 446 prioribus
811 375 991 434 editionibus.
1330 377 1371 441 15

222 536 371 622 Publilii,
400 538 438 602 de
464 539 640 622 codicibus,
670 539 710 604 de
733 540 994 622 collectionibus,
1023 539 1060 603 de
1084 539 1280 605 editionibus
1304 563 1372 605 uer-

224 667 317 708 suum
347 645 603 710 Publilianorum'
632 646 880 732 diligentissime
908 649 941 710 et
969 646 1154 711 doctissime
1183 647 1372 730 disputauit.

221 749 311 815 Duas
335 751 543 817 collectiones
563 756 603 830 Σ,
627 753 717 817 cuius
736 753 899 817 codicibus
919 752 975 818 P⁸.
989 750 1044 816 Pb.
1058 752 1099 817 B.
1114 752 1154 817 R.
1167 753 1208 820 Ε.
1223 751 1256 818 0.
1270 753 1370 818 Bam·
1442 781 1447 792 ·

221 858 456 941 carpebamus
480 862 539 942 est,
563 862 595 924 et
621 863 665 937 Ψ,
688 859 778 923 cuius
803 859 965 924 codicibus
989 859 1074 924 Fet
1098 860 1127 924 V
1147 863 1179 924 et
1195 882 1268 942 por.
1292 883 1369 926 usus

222 968 285 1048 est,
309 965 475 1051 discreuit3
504 966 727 1030 collectionem
755 969 798 1050 Ψ,
827 966 918 1030 cuius
946 966 1123 1051 imaginem
1153 966 1292 1032 editione
1322 991 1372 1032 ex-

221 1073 354 1156 pressit,
383 1094 495 1138 omnes
519 1073 696 1138 sententias
721 1071 826 1138 Gellio
855 1076 951 1138 notas
975 1074 1145 1158 complecti
1169 1077 1274 1158 ratuS,
1303 1097 1372 1139 sen-

222 1180 342 1243 tentias
370 1179 570 1245 collectionis
593 1179 625 1243 Z
649 1180 690 1244 ab
714 1179 834 1244 Orellio
864 1203 902 1244 ex
931 1180 1039 1245 codice
1063 1179 1229 1245 Turicensi
1253 1181 1284 1245 T
1308 1181 1372 1245 edi·

222 1288 288 1370 tas,
319 1308 398 1372 quas
426 1285 568 1351 Publilio
595 1287 738 1352 tribuere
767 1287 951 1371 dubitabat,
980 1288 1014 1351 in
1043 1286 1218 1372 appendice
1247 1287 1372 1352 adiecit.

222 1391 391 1457 Praeterea
401 1391 607 1458 Woelfflinus
623 1393 752 1480 egregie
768 1376 806 1458 de
821 1394 963 1458 Publilio
979 1393 1105 1478 meruit,
1119 1393 1204 1480 quod
1218 1416 1371 1480 magnam

223 1499 463 1564 multitudinem
488 1522 639 1565 uersuum
664 1506 719 1565 aut
741 1503 890 1566 fictorum
914 1505 971 1566 aut
994 1501 1171 1565 alienorum
1197 1502 1323 1568 abiecit.

312 1605 519 1672 Collectionis
538 1606 723 1672 Turicensis
747 1610 1005 1692 supplementum
1027 1629 1099 1672 cum
1120 1629 1158 1671 ex
1178 1607 1285 1673 codice
1305 1631 1370 1673 mo-

221 1714 355 1778 nacensi
388 1712 460 1800 (M)
493 1716 558 1796 epse
590 1714 715 1778 ederem
752 1737 779 1779 a.
806 1716 905 1800 1872,
945 1715 1151 1780 collectiones
1185 1719 1264 1778 ΨΣ
1272 1720 1299 1779 Ζ
1333 1739 1370 1780 ex
1449 1720 1453 1727 “

223 1820 334 1884 eadem
354 1820 511 1903 ampliore
531 1825 697 1904 excerptas
717 1843 787 1886 esse
807 1822 916 1886 statui.
1013 1819 1060 1884 At
1080 1821 1228 1886 Andreas
1253 1821 1372 1906 Spen-

189 1919 191 1923 ’
223 1927 285 2010 gel
309 1949 336 1991 a.
356 1928 441 1992 1874
465 1927 600 1993 abiectis
624 1928 795 1992 sententiis
818 1928 972 2012 prosaicis
997 1927 1224 1992 Woelfflinum
1254 1929 1300 1992 ita
1324 1951 1372 1992 se·

223 2036 315 2097 cutus
340 2037 402 2118 est,
429 2037 466 2099 ut
492 2057 612 2118 paucos
641 2057 755 2099 uersus
783 2034 919 2100 feliciter
948 2034 1142 2119 emendaret,
1172 2035 1372 2101 collectionis

221 2139 254 2202 Z
277 2162 390 2204 uersus
426 2163 536 2206 omnes
570 2145 603 2206 et
639 2143 759 2207 multos
788 2141 988 2208 collectionis
1021 2146 1058 2205 Ψ
1083 2141 1177 2226 quasi
1205 2143 1297 2208 fictos
1325 2143 1372 2207 iu-

222 2244 360 2311 feliciter
379 2248 555 2314 damnaret.
646 2249 724 2314 Otto
739 2245 914 2314 Ribbeck
932 2247 1152 2334 (Geminorum
1166 2247 1373 2334 Fragmenta,

223 2353 270 2417 ed.
289 2352 336 2438 ΙΙ)
369 2376 436 2418 non
464 2355 569 2420 solum
598 2355 805 2420 collectiones
834 2359 952 2418 ΣΨΖ
981 2377 1019 2420 ex
1048 2355 1206 2439 ampliore
1234 2356 1371 2440 quadam

223 2458 414 2524 collectione
443 2465 609 2545 excerptas
638 2483 720 2543 esse,
753 2462 809 2526 sed
838 2461 936 2526 etiam
970 2483 1008 2525 ex
1039 2460 1150 2525 eadem
1177 2483 1290 2526 uersus
1319 2463 1371 2527 de-

223 2569 350 2650 cerptos
379 2589 450 2632 esse
478 2571 511 2632 et
538 2568 572 2632 in
603 2572 683 2654 Φφ,
711 2569 745 2632 in
767 2567 900 2634 Librum
934 2569 972 2632 de
1002 2567 1162 2652 moribus,
1193 2568 1228 2631 in
1259 2569 1372 2633 collec-

222 2673 329 2738 tiones
364 2676 595 2740 sententiarum
630 2698 709 2761 quas
744 2679 864 2741 uocant
888 2675 1046 2742 Varronis
1082 2678 1114 2739 et
1152 2673 1242 2739 Sexti
1270 2677 1372 2741 inser-

222 2783 275 2845 tos
306 2803 375 2847 esse
410 2782 573 2848 iudicauit.
625 2782 738 2867 Itaque
768 2783 802 2847 in
833 2783 1009 2868 appendice
1045 2786 1078 2846 et
1107 2781 1142 2845 in
1172 2782 1388 2865 praefatione,

222 2909 253 2971 p.
267 2887 373 2953 XCIX
395 2889 461 2954 fere
485 2890 551 2954 350
574 2890 751 2954 sententias
779 2890 913 2974 abipso
937 2891 989 2954 uel
1013 2890 1054 2954 ab
1079 2889 1151 2953 aliis
1174 2890 1208 2954 in
1232 2889 1371 2956 formam

223 3017 374 3059 uersuum
397 2995 544 3062 redactas
567 2997 698 3062 addidit.
744 2995 856 3084 Neque
879 3001 987 3062 tamen
1003 2996 1143 3062 Publilio
1168 3018 1280 3062 omnes
1303 3019 1372 3062 uer-

223 3125 277 3166 sus
301 3102 489 3188 adscripsit,
512 3105 568 3170 sed
593 3106 755 3170 sententia
778 3106 845 3170 eius
869 3104 914 3191 (p.
932 3102 1071 3192 XCVII)
1097 3104 1199 3169 ‘uaria
1222 3107 1315 3169 acute
1338 3109 1371 3169 et

222 3209 396 3292 prudenter
414 3210 573 3276 dictorum
592 3213 724 3297 farrago
742 3213 884 3298 undique
903 3214 1041 3278 collecta
1060 3217 1092 3277 et
1109 3212 1252 3277 numeris
1271 3234 1372 3297 quan-

222 3319 291 3377 tum
315 3315 384 3379 fieri
408 3321 537 3400 poterat
560 3320 711 3384 conclusa
735 3323 785 3384 est
806 3323 952 3404 tempore
975 3317 1119 3384 incerto’.

311 3420 406 3507 Ego,
421 3424 556 3507 repertis
565 3423 730 3490 Monachii
745 3426 907 3491 codicibus
922 3436 1034 3512 ψκσα,
1044 3424 1192 3491 Veronae
1202 3423 1237 3510 0,
1247 3424 1371 3491 Romae

223 3533 263 3594 H
270 3551 294 3594 π
308 3529 411 3614 Bart,
430 3530 540 3596 libello
556 3529 628 3595 ‘Die
644 3529 876 3617 Sammluugen
891 3533 946 3596 der
963 3531 1178 3617 Spruchverse
1193 3532 1249 3597 des
1264 3533 1371 3599 Publi-

223 3637 285 3702 lius
306 3636 421 3723 Syrus,
440 3636 591 3702 Teubner
613 3638 709 3705 1877'
734 3662 845 3704 uersus
866 3640 921 3723 qui
940 3639 1186 3705 collectionibus
1206 3643 1286 3705 ΣΠ
1298 3639 1370 3728 (Ψ)

225 3748 291 3807 ZO
313 3745 425 3810 traditi
449 3748 527 3810 sunt
550 3748 582 3810 et
605 3767 725 3830 paucos
749 3746 933 3811 collectioni
955 3750 1021 3830 Φφ
1041 3746 1181 3811 insertos
1201 3769 1239 3811 ex
1258 3749 1371 3814 eadem

224 3851 379 3934 ampliore
399 3852 588 3918 collectione
608 3857 775 3937 excerptos
796 3857 828 3918 et
846 3876 921 3918 uere
936 3853 1075 3918 Publilio
1095 3852 1176 3938 Syro
1196 3855 1295 3919 mimo
1315 3855 1369 3918 tri-

223 3955 367 4022 buendos
386 3980 455 4023 esse
476 3960 585 4042 statui,
603 3964 682 4040 tum,
709 3961 848 4044 quaeda
869 3960 994 4045 origine
1014 3964 1047 4024 et
1066 3961 1104 4024 de
1123 3960 1287 4025 codicibus
1307 3963 1370 4026 siu·

224 4063 372 4147 gularum
405 4066 633 4132 collectionum
667 4089 764 4151 supra
794 4067 885 4131 breui
913 4067 1104 4151 compendio
1132 4068 1371 4154 comprehendi,

223 4171 384 4254 copiosius
409 4173 608 4256 argumentis
632 4173 777 4256 probaui.

311 4313 477 4396 Monaclrii
502 4354 611 4397 mense
635 4331 767 4399 Octobri
795 4335 891 4400 1879·

1054 4451 1133 4508 Gul.
1155 4452 1280 4520 Meyer.
