3352 5138
695 293 904 358 Sententiae.
997 357 998 362 ἵ
1060 324 1062 329 ·

329 455 474 541 Sapiens
498 459 611 520 contra
635 431 747 520 omnes
772 477 860 520 arma
882 455 954 539 fert,
978 477 1051 518 eum
1074 455 1205 539 cogitat.
1264 474 1276 526 ,’

281 578 304 626 5
340 561 590 637 Sanctissimum
613 564 662 626 est
685 561 879 644 meminisse,
902 561 955 624 cui
976 564 1008 623 te
1032 560 1157 624 debeas.

334 669 435 735 Stulti
459 670 576 734 timent
599 668 774 751 fortunam,
798 668 959 751 sapientes
982 666 1099 730 ferunt.

336 775 467 861 Sensus,
490 798 557 841 non
581 779 669 840 aetas
693 774 820 839 inuenit
843 773 1045 858 sapientiam.

336 883 469 968 Semper
490 883 621 947 beatam
645 904 680 948 se
702 885 797 965 putat
822 880 1018 965 benignitas.

334 992 355 1070 †
380 988 515 1074 Sapiens
540 1010 665 1073 semper
689 987 873 1073 quiescendi
896 987 953 1050 dat
974 988 1081 1052 locum
1105 988 1249 1052 iniuriae.

264 1113 309 1162 10
337 1095 427 1161 Solet
452 1117 522 1160 esse
545 1095 580 1159 in
603 1095 709 1159 dubiis
732 1117 791 1178 pro
816 1093 951 1159 consilio
975 1093 1150 1158 temeritas.

332 1201 470 1286 Semper
492 1201 664 1267 consilium
686 1205 764 1266 tuno
788 1200 878 1266 deest
901 1221 974 1264 cum
998 1216 1077 1284 opus
1097 1203 1146 1264 est
1169 1201 1316 1286 maxime.

335 1307 469 1392 Sapiens
494 1330 566 1373 cum
589 1309 712 1392 petitur
736 1308 763 1372 si
785 1310 873 1373 tacet
895 1306 1038 1392 grauiter
1060 1310 1167 1392 negat.
1324 1307 1390 1373 595

334 1413 467 1499 Semper
489 1415 563 1498 plus
586 1414 703 1478 metuit
726 1413 853 1478 animus
871 1407 1026 1497 ¹ignotum
1049 1413 1179 1480 malum.

334 1520 480 1586 Secunda
502 1521 537 1584 in
560 1522 751 1604 paupertate
774 1520 905 1584 fortuna
928 1523 977 1583 est
999 1519 1087 1584 fides.

276 1643 309 1692 15
334 1627 368 1692 Si
391 1627 474 1690 nihil
497 1627 578 1691 uelis
602 1626 724 1710 timere,
748 1630 873 1690 metuas
897 1626 1014 1691 omnia.

238 1779 241 1785 -
334 1732 549 1798 Summissum
571 1733 742 1817 imperium
765 1755 832 1797 non
855 1736 945 1796 tenet
967 1732 1054 1797 uires
1078 1755 1162 1798 suas.

334 1839 498 1904 Secundus
522 1843 613 1904 esta
636 1843 739 1907 matre
763 1839 899 1903 nutricis
924 1837 1024 1902 dolor.
1324 1844 1389 1908 600

334 1945 401 2010 Sibi
425 1945 619 2029 supplicium
642 1946 712 2030 ipsc
736 1945 800 2030 dat,
823 1967 917 2029 quem
941 1945 1075 2009 admissi
1098 1947 1209 2030 poenit
1228 1951 1250 2012 t.

284 2107 286 2114 ,
333 2051 433 2116 Suum
457 2053 601 2136 sequitur
623 2053 733 2116 lumen
756 2073 882 2135 semper
904 2051 1096 2116 innocentia.
1137 2102 1142 2108 .
1183 2061 1187 2066 ’

277 2176 311 2223 2ο
335 2158 477 2224 Stultum
502 2162 551 2223 est
572 2159 685 2224 ulcisci
709 2159 793 2222 uelle
817 2159 916 2222 alium
939 2180 1045 2242 poena
1069 2181 1135 2224 sus.
1316 2242 1319 2246 ¹

334 2263 402 2328 Sibi
425 2265 567 2347 primum
592 2263 744 2328 auxilium
767 2263 890 2346 eripere
913 2266 963 2352 est
986 2263 1075 2348 leges
1098 2266 1219 2331 tollere.

333 2369 406 2434 Suis
424 2371 485 2454 'qui
507 2371 612 2434 nescit
634 2363 774 2453 parcere,
797 2369 937 2432 inimicis
960 2368 1057 2433 fauet.
1258 2366 1260 2370 ’
1323 2375 1388 2440 605

333 2475 408 2542 Sine
431 2476 541 2542 dolore
564 2479 614 2540 est
636 2476 764 2558 uulnus,
787 2475 871 2558 quod
895 2475 1060 2540 ferendum
1083 2480 1224 2543 osteum
1242 2463 1387 2547 uictoria.

333 2582 465 2666 Semper
488 2582 660 2648 metuendo
684 2560 812 2665 sbpiens
837 2583 940 2647 euitat
962 2583 1092 2648 malum.
1122 2617 1124 2619 ·

244 2782 456 2790 ,0-

242 2904 285 2956 est
308 2901 374 2956 dein
397 2919 451 2957 cor.
472 2901 510 2968 F,
533 2917 601 2956 corr.
621 2899 707 2954 Botbc
748 2899 905 2969 corripere?
982 2904 1036 2952 4α
1055 2904 1151 2968 quater
1193 2898 1248 2954 fert
1271 2918 1349 2956 arma
1368 2923 1387 2956 α

175 2989 178 2994 ’
235 2979 336 3061 'quater
379 2997 480 3045 θαπσ
557 2990 660 3058 109,
681 2995 703 3042 1.
731 2989 823 3042 Turro
866 3005 977 3042 sensum
1000 2994 1025 3043 et
1047 2989 1187 3058 sapientia
1212 2989 1238 3042 Τ
1276 2990 1386 3060 sapien-

240 3077 310 3133 tiam
334 3079 390 3135 inu.
414 3097 458 3134 πσ
501 3096 558 3133 non
581 3079 676 3133 aetate
702 3094 800 3132 uerum
827 3077 941 3147 ingenio
967 3077 1102 3148 apiscitur
1125 3077 1264 3148 sapientia
1290 3081 1385 3135 Placet.

244 3167 322 3220 Tria.
342 3174 367 3234 2,
391 3175 416 3234 2,
441 3174 475 3222 86
500 3167 616 3222 contulit
640 3165 756 3235 Speaqel
838 3172 853 3220 9
880 3165 968 3236 Saepe
993 3165 1165 3236 ignoscendo
1191 3167 1241 3222 das
1266 3167 1385 3224 iniuriae

241 3243 468 3321 loeumGratcr,
492 3254 609 3323 Sapiens
627 3253 720 3308 locum
740 3255 789 3309 dat
807 3254 999 3322 requiescendi
1017 3254 1136 3310 iniurise
1155 3256 1284 3326 Specqel,
1308 3257 1385 3312 Sem-

241 3360 292 3412 per
309 3341 454 3411 quiescens
474 3343 522 3397 des
541 3341 660 3396 iniuriae
679 3343 773 3396 locum
792 3343 888 3414 Meyer
968 3348 1001 3396 10
1023 3343 1054 3396 Τ.
1074 3362 1093 3396 α
1111 3349 1158 3398 ter.
1179 3362 1221 3397 πσ
1262 3345 1347 3401 dubio
1366 3367 1385 3400 α
1487 3401 1488 3404 ,

241 3437 290 3498 ter,
310 3430 436 3486 aduersis
457 3431 483 3484 'I'
554 3436 586 3484 11
607 3449 625 3483 α
640 3431 687 3486 bis.
708 3448 750 3485 πσ
787 3448 831 3500 op.
851 3432 894 3485 eet
912 3431 1067 3495 Dcsbc'lloa:
1088 3434 1130 3486 est
1148 3450 1193 3503 op.
1209 3434 1240 3486 F
1273 3436 1385 3503 quando

241 3539 312 3576 max.
332 3539 376 3590 op.
397 3522 440 3574 est
458 3539 476 3573 α
491 3521 540 3588 bis,
561 3537 624 3574 cum
643 3536 687 3589 op.
703 3522 747 3574 est
765 3522 832 3574 tunc
850 3537 922 3576 max.
938 3521 1018 3574 deest
1035 3540 1057 3574 π
1092 3538 1202 3591 semper
1218 3539 1291 3579 cons.
1306 3524 1386 3579 deest

241 3611 443 3679 cumopest,
467 3614 645 3677 om.cett.,c
685 3609 817 3676 efiHt'l
897 3609 1061 3677 1209,1.
1086 3628 1151 3663 aar
1191 3611 1285 3666 sc'cO:
1310 3613 1385 3681 quod

240 3697 347 3766 petitur
365 3697 414 3752 ubi
432 3697 509 3752 tacet
527 3696 639 3764 Focum
658 3696 782 3751 breuiter
800 3697 858 3764 Fe,
881 3697 951 3752 bene
970 3717 1003 3767 π,
1026 3698 1129 3752 habere
1149 3717 1167 3750 α
1241 3705 1273 3753 13
1292 3720 1313 3752 π

242 3791 274 3839 15
291 3785 413 3862 timeas?
435 3785 555 3840 Ribbeck
577 3787 611 3852 ef.
633 3785 657 3838 D
679 3790 719 3839 16.
749 3785 824 3839 011
921 3791 954 3840 16
973 3803 990 3838 r
1029 3785 1104 3840 uires
1127 3803 1183 3841 non
1200 3789 1314 3842 teneto

242 3880 274 3927 17
293 3886 364 3943 κπψ
406 3876 450 3930 est
467 3880 532 3944 post
554 3875 669 3943 nutrcp
747 3880 779 3927 18
798 3885 846 3943 πψ
888 3873 942 3928 sibi
960 3873 1016 3944 ipsi
1039 3875 1089 3929 dat
1106 3875 1273 3944 supplitium
1291 3877 1383 3947 Fac,

239 3963 299 4031 ipse
321 3962 426 4031 Beate,
450 3963 542 4033 suppl.
565 3963 626 4032 ipse
649 3963 699 4017 dat
722 3963 818 4034 Meyer
863 3962 959 4018 amissi
981 3983 1003 4017 a
1047 3963 1156 4032 penitet
1178 3964 1272 4032 Fau:
1296 3965 1384 4034 pudet

241 4051 343 4105 Gruter
424 4056 457 4105 19
481 4071 500 4104 α
545 4066 656 4120 semper
677 4051 695 4108 l.
719 4067 795 4119 sequ.
819 4070 838 4104 cc
882 4059 1002 4106 numen?
1029 4052 1149 4108 Ribbeck
1194 4053 1383 4108 innocentiam

240 4139 327 4197 Bolbe
403 4145 437 4193 20
456 4140 509 4193 ulc.
528 4139 603 4193 uelle
622 4138 709 4193 alium
726 4139 838 4194 Ncuclc:
863 4140 899 4194 al.
918 4139 972 4197 ule.
990 4141 1065 4196 uelle
1084 4141 1121 4211 F,
1146 4142 1220 4196 uelle
1238 4143 1293 4197 ulc.
1313 4143 1382 4198 alte-

239 4246 302 4282 rum
320 4229 407 4282 Bctbe
479 4233 512 4282 21
531 4228 621 4298 primo
639 4228 727 4282 Bctbe
763 4245 800 4284 er.
820 4230 862 4284 est
881 4229 959 4298 Iap:
980 4231 1022 4284 est
1040 4247 1078 4285 er.
1097 4231 1128 4284 F
1197 4236 1231 4284 22
1252 4230 1274 4284 0
1294 4236 1338 4302 22,
1356 4239 1381 4288 2.
1443 4245 1448 4253 ·

239 4329 262 4386 ψ
286 4317 376 4386 (Bari.
401 4319 464 4385 266)
510 4316 622 4386 Quian
704 4322 737 4370 23
756 4329 827 4386 carp
873 4317 948 4385 quod
972 4335 1035 4372 oum
1058 4318 1124 4373 uiot.
1148 4319 1271 4374 defertur
1293 4340 1310 4374 a

239 4413 274 4461 24
293 4405 322 4463 0,
342 4426 360 4460 α
380 4407 428 4462 bis.
447 4423 490 4461 πσ
529 4405 673 4462 metuendi
691 4406 722 4460 F
761 4423 817 4476 sap.
837 4407 939 4462 meto
