3352 5138
462 1269 699 1359 Testimonia
728 1270 776 1354 de
803 1265 975 1355 Publilio
1005 1263 1116 1377 Syre.

303 1481 441 1554 Cicero,
464 1485 497 1541 111
520 1483 639 1556 epistole
657 1484 696 1541 ad
715 1481 904 1555 Cornificium
926 1483 979 1540 sub
1001 1482 1090 1553 suem
1112 1481 1230 1539 1111111.
1250 1497 1272 1538 c.
1293 1479 1356 1539 708

213 1573 283 1631 data
312 1563 382 1652 (12,
409 1573 462 1648 18,
488 1573 506 1629 2
532 1573 573 1632 ed.
597 1565 796 1650 Wesenberplz
823 1570 972 1646 Equidem
1000 1570 1042 1628 sic
1068 1570 1128 1628 iam
1156 1568 1296 1642 obdurui,
1324 1571 1359 1627 ut

212 1661 311 1719 ludis
340 1659 508 1720 Caesaris
538 1661 633 1719 nostri
662 1661 761 1718 animo
791 1659 970 1735 aequissimo
995 1659 1130 1718 uiderem
1155 1657 1189 1718 Τ.
1207 1657 1360 1730 Plancum,
1421 1729 1428 1742 ,

212 1748 377 1808 audirem
395 1749 546 1808 Laberii
564 1753 599 1808 et
617 1741 813 1826 Publiliii‘)
833 1743 933 1828 (codes
947 1739 1059 1828 Publii)
1078 1749 1253 1824 poemata.
1284 1746 1360 1805 nihil

212 1839 286 1896 mihi
312 1841 376 1897 tam
403 1837 506 1898 deesse
534 1838 608 1898 scito
636 1856 726 1914 quam
754 1838 874 1914 quicum
901 1838 975 1896 haec
1003 1837 1192 1896 familiariter
1215 1836 1360 1912 docteque

211 1927 334 1986 rideam.

301 2017 385 2075 Idem
407 2018 440 2076 ia
463 2017 582 2090 epistola
605 2017 644 2076 ad
666 2014 795 2075 Atticam
818 2035 844 2076 a.
868 2017 895 2075 d.
914 2015 970 2075 VI.
993 2016 1070 2074 Idus
1091 2013 1211 2088 Apriles
1234 2033 1261 2073 a.
1284 2033 1313 2073 a.
1338 2032 1360 2072 c.

215 2106 363 2165 11011111
378 2097 443 2184 (14,
460 2098 508 2184 2):
527 2105 609 2164 Duas
629 2124 647 2163 a
665 2107 695 2164 te
710 2105 810 2181 accepi
826 2105 969 2180 epistolas
984 2105 1057 2162 beri.
1091 2123 1127 2162 ex
1140 2103 1239 2178 priore
1257 2103 1361 2162 thea-

213 2198 307 2253 trum
329 2193 602 2270 Publiliumque
626 2195 764 2270 cognouit
789 2197 867 2270 bona
891 2195 977 2269 signa
996 2193 1206 2252 consentientis
1225 2193 1361 2251 multitu·
1427 2255 1431 2258 ,

212 2283 304 2360 dinis;
332 2284 456 2358 plausus
483 2303 554 2342 uero
582 2283 616 2342 L.
641 2282 743 2343 Cassio
770 2284 858 2342 datus
887 2283 978 2341 etiam
1005 2283 1120 2341 facetus
1144 2281 1218 2340 mihi
1241 2281 1361 2357 quidem

212 2373 295 2430 uisus
315 2375 370 2432 est.
446 2373 487 2430 Ic
505 2375 563 2443 pec
582 2373 716 2446 epistolae
733 2375 781 2446 14,
798 2375 831 2432 3:
851 2372 897 2430 Tu
916 2372 941 2430 si
959 2371 1030 2448 quid
1044 2363 1244 2450 πραγματικὸν
1258 2370 1360 2447 habes,

189 2501 203 2530 .
214 2460 337 2533 scribes3
353 2459 399 2518 sin
412 2459 520 2526 minus,
535 2461 637 2535 populi
651 2457 846 2538 ἕπισημασίαν
862 2464 892 2519 11
905 2461 1064 2519 mimorum
1082 2459 1162 2518 dicta
1176 2460 1360 2534 perscribito.
1434 2513 1439 2520 .

303 2547 447 2620 Seneca,
468 2547 687 2625 Controuersioe
700 2548 767 2622 VII,
780 2551 808 2624 2,
821 2551 860 2606 14
877 2544 917 2623 (p.
929 2551 1002 2622 202,
1013 2551 1052 2606 21
1065 2542 1214 2627 Bursian)
1230 2549 1271 2608 Et
1281 2549 1361 2607 Mur-

213 2637 314 2695 redius
334 2655 393 2695 non
411 2639 458 2695 est
475 2655 583 2712 passus
601 2637 678 2696 hauc
697 2637 929 2698 controuersiam
948 2637 1077 2696 transire
1097 2637 1160 2696 sine
1180 2636 1280 2712 aliqua
1299 2641 1361 2696 stu-

213 2726 293 2800 poris
313 2725 360 2784 sui
378 2728 458 2786 nota.
496 2726 656 2802 descripsit
678 2727 756 2784 enim
779 2727 925 2785 ferentem
950 2730 1039 2802 caput
1058 2729 1088 2784 et
1107 2729 1228 2784 manum
1247 2725 1361 2785 Cicero-

212 2816 258 2873 nis
277 2814 438 2890 Popillium
457 2818 489 2873 et
506 2814 758 2873 Publilianum
778 2808 850 2895 (stoa
867 2819 1038 2875 sententiam
1055 2815 1190 2881 Publilii,
1215 2817 1362 2874 1611111111-

213 2905 386 2978 lampenae
405 2905 527 2971 dicendi,
546 2904 583 2964 cf.
602 2904 669 2978 VII,
690 2907 717 2978 3,
737 2895 772 2984 8)
792 2903 887 2963 dedit:
912 2903 1034 2980 Popilli,
1053 2906 1164 2980 quanto
1185 2903 1273 2963 aliter
1291 2923 1360 2964 reus

215 2991 365 3052 Ciceronis
381 2995 507 3053 tenebas
526 3013 647 3051 manum
667 2991 750 3052 eius?

301 3081 369 3156 VII,
385 3084 414 3154 3,
430 3084 449 3140 8
469 3073 511 3160 (p.
529 3083 601 3155 205,
618 3075 675 3163 29)
693 3083 862 3142 Murredius
881 3101 935 3158 pro
954 3085 1053 3141 cetero
1073 3101 1127 3141 suo
1147 3085 1268 3158 stupore
1286 3081 1361 3140 dixit

212 3170 461 3230 medicamentum
480 3188 653 3246 separasse
672 3172 709 3230 ad
729 3189 873 3250 somnum,
893 3173 963 3247 quia
981 3171 1125 3230 adsiduae
1145 3171 1360 3230 sollicitudines

213 3259 386 3334 uigiliarum
411 3259 468 3318 sibi
489 3256 644 3341 [fecerint]
660 3261 913 3321 consuetudinem.
949 3279 1022 3320 usus
1047 3261 1145 3320 colore
1169 3263 1216 3319 cst
1239 3263 1270 3318 et
1292 3259 1360 3318 Pu·
1449 3256 1455 3277 '

213 3347 403 3406 blilianam
432 3350 612 3407 sententiam
640 3349 737 3407 dedit:
766 3349 982 3426 abdicationes,
1009 3350 1120 3425 inquit,
1149 3367 1218 3408 suas
1245 3367 1361 3407 ueneno

213 3436 314 3513 diluit3
334 3437 505 3496 etiterum:
524 3440 660 3513 mortem,
678 3437 784 3513 iuquit,
803 3457 901 3496 meam
920 3438 1033 3498 effudit.
1069 3439 1193 3497 Memini
1210 3457 1273 3515 nos,
1294 3457 1360 3496 cum

213 3525 405 3600 loqueremur
418 3518 557 3606 (memini
567 3524 685 3603 Oscum,
696 3545 764 3585 cum
777 3527 949 3603 loqueretur
958 3520 1120 3609 Kiessliap)
1131 3529 1168 3587 de
1181 3529 1237 3588 hoc
1251 3545 1361 3603 genere

214 3615 442 3690 sententiarum,
467 3635 525 3690 quo
544 3615 655 3675 infecta
673 3615 732 3674 iam
753 3620 839 3676 eraut
857 3616 1149 3676 adulescentulorum
1168 3618 1301 3676 omnium
1318 3615 1361 3674 in-

213 3704 312 3778 genia,
336 3705 423 3780 queri
451 3705 486 3761 de
515 3704 692 3777 Publilio,
724 3706 811 3781 quasi
835 3706 886 3763 ille
911 3706 972 3764 iam
997 3705 1073 3764 hanc
1098 3706 1245 3764 insaniam
1269 3706 1361 3763 intro-

213 3792 354 3851 duxisset.
392 3791 513 3851 Cassius
538 3793 680 3868 Seuerus,
705 3812 838 3852 summus
862 3793 1001 3853 Publili
1026 3798 1154 3873 amator,
1177 3795 1278 3853 aiebat
1300 3813 1360 3854 non

213 3879 294 3940 illius
313 3882 369 3941 hoc
389 3881 495 3940 uitium
515 3901 593 3956 esse,
614 3886 661 3942 set
679 3901 795 3955 eorum,
820 3883 872 3959 qui
889 3883 976 3942 illum
995 3877 1030 3942 er
1048 3887 1133 3958 parte
1153 3903 1212 3959 qua
1231 3883 1360 3942 transire

214 3969 369 4042 deberent,
398 3969 602 4045 imitarentur,
632 3967 704 4046 [non
727 3970 931 4048 imitarentur]
957 3991 1033 4048 quae
1056 3974 1135 4048 apud
1160 3992 1228 4031 eum
1254 3972 1360 4030 melius

214 4060 315 4116 essent
333 4058 412 4118 dicta
431 4078 521 4136 quam
540 4060 620 4135 apud
638 4079 817 4137 quemquam
841 4062 984 4120 comicum
1008 4061 1215 4138 tragicumque
1233 4064 1287 4121 aut
1305 4061 1361 4120 Ro-

213 4165 334 4204 manum
352 4150 406 4206 aut
425 4147 585 4225 Graecum,
608 4149 751 4208 utillum
774 4169 897 4210 uersum
920 4170 978 4226 quc
1001 4150 1101 4211 aiebat
1123 4171 1216 4210 unum
1239 4168 1360 4208 uersum

303 4353 329 4421 ¹⁶)
348 4352 459 4406 Nomen
484 4354 638 4422 ‘Posiden
662 4373 717 4410 non
743 4355 864 4411 ‘Publii’
888 4357 953 4426 post
971 4355 1112 4427 Silligium
1136 4358 1184 4425 (ad
1202 4356 1273 4412 Plin.
1294 4355 1360 4410 hist.

213 4434 271 4487 nat.
291 4437 323 4486 35
343 4438 358 4498 ξ
379 4433 440 4502 199)
460 4433 593 4502 probauit
611 4434 759 4488 Woelfflin
777 4435 916 4506 Philolog.
932 4442 965 4489 22
986 4438 1078 4506 (1865)
1098 4455 1126 4506 p.
1141 4442 1193 4491 439
1213 4439 1242 4492 et
1259 4455 1286 4506 p.
1302 4443 1328 4490 3.
1343 4443 1360 4489 4

213 4512 350 4567 editionis.

265 4604 330 4643 Publ.
346 4603 397 4654 Syri
412 4603 548 4648 Sententiae.
785 4659 789 4668 ,
1131 4614 1144 4662 1
