3352 5138
329 354 351 415 4
725 348 909 404 Testimonia:
929 347 1082 407 Petronius.

329 520 503 578 libertatem
530 511 694 594 perdimus'
728 521 759 576 et
787 519 876 593 paulo
906 521 974 593 post
999 518 1107 577 adiecit
1139 512 1270 578 ‘necesse
1296 521 1343 578 est
1364 519 1475 578 multos

329 609 436 668 timeat
455 627 544 684 quem
563 607 651 666 multi
674 600 801 680 timent'‚
827 598 861 687 (ξ
882 601 916 686 5)
940 626 998 682 quo
1018 606 1097 667 dicto
1117 608 1297 667 uniuersitas
1316 609 1419 683 populi
1437 608 1476 666 ad
1504 685 1507 689 ι

331 697 428 757 solum
443 695 603 756 Caesarem
621 697 721 756 oculos
741 699 771 754 et
789 714 842 754 ora
860 697 1018 769 conuertit,
1036 697 1176 755 notantes
1190 696 1397 771 impotentiam
1412 697 1475 756 eius

331 787 385 845 hac
411 785 566 844 dicacitate
591 785 765 861 lapidatam.
807 785 845 844 ob
870 785 943 842 haee
969 785 1000 842 in
1022 784 1188 844 Publilium
1213 787 1307 844 uertit
1331 786 1476 846 fauorem.

331 867 366 954 (ἓ
387 867 421 954 6)
440 875 465 932 is
484 875 669 933 Publilius
696 874 817 932 natione
837 872 932 950 Syrus
952 892 1018 931 cum
1037 893 1112 948 puer
1130 874 1169 932 ad
1187 878 1347 949 patronum
1365 875 1478 934 domini

331 967 412 1022 esset
429 963 584 1040 adductus,
603 963 768 1040 promeruit
787 983 855 1021 eum
872 981 932 1020 non
950 962 1048 1020 minus
1068 963 1180 1022 salibus
1200 965 1230 1022 et
1247 963 1367 1040 ingenio
1387 984 1477 1040 quam

331 1053 435 1112 forma.
471 1072 541 1111 narn
560 1053 637 1112 forte
657 1071 723 1110 oum
741 1051 793 1110 ille
813 1069 932 1110 seruum
952 1070 1038 1110 suum
1060 1051 1257 1128 hydropicum
1280 1055 1426 1112 iacentem
1446 1053 1477 1110 in

333 1160 404 1200 area
417 1141 545 1201 uidisset
558 1141 815 1216 increpuissetque
829 1141 899 1215 quid
914 1141 945 1198 in
960 1142 1021 1200 sole
1035 1141 1148 1199 faceret
1161 1141 1315 1216 respondit
1334 1135 1479 1218 ‘aquam

333 1223 531 1290 calefacit'.
567 1230 692 1290 ioculari
706 1230 812 1288 deinde
827 1247 917 1306 super
931 1248 1004 1288 cena
1023 1232 1126 1288 exorta
1140 1230 1315 1305 quaestione
1330 1231 1480 1306 quodnam

333 1323 413 1379 esset
431 1320 591 1380 molestum
610 1320 704 1379 otium
723 1319 805 1376 aliud
823 1319 882 1377 alio
902 1319 1042 1394 opinante
1055 1319 1107 1377 ille
1127 1312 1334 1396 ‘podagrici
1353 1313 1479 1395 pedes'

333 1409 416 1468 dixit
441 1403 475 1488 (ξ
488 1403 521 1486 7)
533 1407 578 1468 Ob
588 1409 662 1468 haec
672 1411 703 1468 et
712 1409 772 1466 alia
786 1408 987 1467 manumissus
1003 1410 1033 1466 et
1047 1407 1158 1466 maiore
1173 1427 1244 1466 cura
1258 1409 1402 1484 eruditus,
1413 1429 1480 1469 oum

332 1498 439 1557 mimos
456 1501 646 1573 componeret
659 1497 833 1574 ingentique
849 1497 978 1556 adsensu
1012 1497 1043 1555 in
1057 1497 1163 1555 Italiae
1178 1498 1294 1572 oppidis
1311 1517 1402 1575 agere
1417 1517 1481 1559 coe-

332 1587 439 1661 pisset,
459 1587 621 1661 productus
636 1587 746 1647 Romae
760 1606 815 1662 per
830 1585 966 1646 Caesaris
980 1586 1079 1658 ludos,
1099 1605 1201 1644 omnes
1216 1587 1268 1662 q’ui
1282 1591 1353 1646 tunc
1369 1589 1481 1663 scripta

334 1679 364 1734 et
382 1695 487 1751 operas
513 1695 581 1736 suas
600 1677 631 1734 in
651 1695 787 1734 scaenam
809 1677 982 1736 locauerant
999 1675 1175 1750 prouocauit
1193 1679 1228 1734 ut
1247 1677 1360 1753 singuli
1379 1696 1481 1736 secum

333 1765 432 1840 posita
446 1766 477 1822 in
491 1765 587 1824 uicem
600 1765 727 1824 materia
735 1785 790 1840 pro
801 1768 935 1840 ternpore
947 1765 1169 1824 contenderent.
1187 1783 1241 1824 neo
1250 1766 1312 1824 ullo
1322 1772 1481 1826 recusante

335 1854 491 1928 superauit
505 1873 615 1927 omnes,
634 1855 665 1912 in
684 1853 751 1929 quis
771 1857 801 1912 et
814 1853 984 1913 Laberium.
1021 1845 1054 1934 (ἕ
1071 1848 1104 1932 8)
1124 1852 1203 1912 unde
1219 1853 1328 1914 Caesar
1341 1855 1481 1914 adridens

333 1943 388 2001 hoc
410 1943 498 2002 modo
517 1943 723 2018 pronuntiauit
743 1936 875 2001 ‘fauente
894 1943 950 2001 tibi
968 1962 1015 2000 me
1035 1941 1133 2001 uictus
1153 1961 1193 2016 es,
1213 1932 1335 2017 Laberi,
1355 1963 1373 2002 a
1392 1937 1480 2020 Syro'

334 2031 495 2106 statimque
506 2032 635 2091 Publilio
649 2031 780 2106 palmam
795 2035 825 2091 et
835 2030 963 2090 Laberio
978 2033 1101 2090 anulum
1116 2050 1239 2090 aureum
1257 2051 1324 2091 oum
1339 2033 1481 2110 quingen-

333 2121 373 2179 tis
389 2121 534 2179 sestertiis
549 2121 639 2182 dedit.
658 2099 730 2179 tuno
739 2120 887 2179 Publilius
903 2121 940 2178 ad
951 2120 1110 2179 Laberium
1126 2120 1312 2180 recedentem
1328 2123 1371 2180 ait
1386 2117 1483 2198 ‘qui-

321 2227 410 2268 ·oum
425 2210 650 2269 contendisti
665 2210 938 2284 scriptor,hune
954 2213 1139 2286 spectator
1153 2205 1358 2272 subleus..'.
1379 2203 1413 2292 (ξ
1424 2203 1480 2291 10)

334 2298 459 2356 Publilii
483 2302 584 2358 autem
604 2299 770 2358 sententiae
789 2299 927 2358 feruntur
945 2299 1061 2374 lepidae
1081 2300 1168 2358 etad
1187 2317 1373 2359 communem
1394 2320 1481 2359 usum

334 2387 674 2462 adcommodatissimae‚
701 2388 863 2464 exquibus
887 2389 941 2447 has
965 2388 1028 2448 fere
1050 2389 1172 2447 memini
1192 2389 1318 2464 singulis
1344 2389 1480 2449 uersibus

335 2476 573 2552 circumscriptas
597 2477 622 2534 B
644 2479 693 2535 12.
721 2477 744 2534 F
766 2481 815 2538 11.
841 2476 1005 2537 04617.
1035 2477 1128 2536 628.
1153 2477 1182 2534 H
1203 2480 1252 2537 19.
1277 2479 1300 2537 F
1322 2480 1371 2538 13.
1395 2477 1411 2536 Ι
1432 2479 1481 2537 63.

334 2563 868 2626 Ν4Ο.Ρ2Ο.Ι16.716.Ν7.

422 2641 667 2730 Hierony'mus
702 2657 780 2728 episi.
809 2657 848 2714 ccl
875 2655 1000 2714 Laetum
1028 2657 1088 2715 107
1119 2647 1148 2735 (I
1178 2657 1241 2714 679
1270 2648 1378 2736 vall:
1407 2655 1483 2730 Legi

335 2743 485 2818 quondam
502 2745 534 2802 in
552 2743 661 2802 scholis
679 2762 755 2821 puer
773 2739 814 2820 (A
835 2737 891 2818 52)
917 2738 1017 2820 ‘aegre
1036 2745 1198 2820 reprendas
1218 2745 1297 2820 quod
1317 2745 1397 2803 sinas
1416 2764 1483 2804 oon-

335 2825 493 2891 suescere'.

425 2920 499 2980 Oura
531 2927 623 2981 cetero
655 2924 820 2996 frcpmeulc
852 2941 871 2980 o
902 2923 1056 2982 Ribbecbio
1089 2914 1209 3002 (Oomie.
1241 2925 1348 2996 scopin.
1388 2925 1416 2980 2.
1440 2923 1482 2981 ed.

330 3027 363 3082 p.
378 3003 567 3090 303-305)
587 3029 621 3070 erc
634 3010 794 3084 Prisciano‚
814 3028 847 3068 erc
860 3011 967 3086 Nonio,
987 3029 1020 3070 ec
1034 3011 1148 3070 Isidoro
1168 3013 1261 3070 ollula
1278 3030 1349 3070 nam
1363 3011 1484 3070 Publilii

335 3096 404 3172 Syri
422 3100 481 3157 siut
497 3101 637 3158 incolum
657 3105 705 3168 est,
720 3101 847 3159 tamilla
861 3118 933 3172 occe
951 3099 1146 3160 Petronius
1166 3102 1257 3174 offeri
1276 3092 1309 3178 (ὅ
1327 3102 1366 3159 55
1388 3093 1481 3176 ‘roga

335 3186 445 3262 inquit,
471 3187 629 3266 magister,
655 3189 727 3264 quid
749 3191 839 3265 putes
862 3189 942 3248 inter
961 3187 1132 3249 Ciceronem
1156 3192 1186 3248 et
1203 3189 1369 3247 Publilium
1392 3189 1483 3248 inter-

337 3275 422 3334 esse?
446 3295 501 3352 ego
526 3277 653 3336 alterum
677 3281 751 3354 puto
774 3278 963 3337 disertiorem
986 3278 1092 3353 trisse,
1120 3279 1250 3337 alterum
1274 3278 1483 3338 honestiorem.

336 3363 408 3440 quid
427 3366 505 3424 enim
529 3366 575 3425 his
599 3367 705 3426 melius
730 3367 787 3427 dici
809 3370 922 3442 potest:
947 3367 1097 3426 Luxuriae
1120 3367 1197 3427 rictu
1220 3367 1326 3426 Martis
1349 3369 1483 3426 marcent

336 3447 465 3512 moenia'
490 3459 516 3513 et
542 3459 592 3528 qni
619 3461 775 3529 sequantur
801 3458 840 3515 15
864 3447 981 3537 corais)
1007 3458 1150 3531 differiml
1173 3475 1192 3516 o
1214 3458 1340 3530 simplici
1363 3461 1483 3531 alpurc

333 3560 437 3616 pecore
459 3544 580 3612 dicendi,
603 3547 679 3618 quod
700 3548 733 3605 ire
754 3548 901 3606 sententiis
923 3551 972 3605 est.
