3352 5138
323 268 364 332 58
797 269 912 325 rubum
931 269 994 340 syri

412 433 477 498 Ubi
499 433 580 497 nihil
603 433 744 517 timetur,
768 434 853 518 quod
875 434 1027 498 timeatur
1049 432 1201 498 nascitur.

300 561 302 565 ·
412 539 477 605 Ubi
499 541 545 623 sis
569 562 641 604 cum
665 540 730 603 tuis
755 543 787 604 et
811 539 899 604 absis
922 540 1038 624 patria,
1061 561 1128 604 non
1150 539 1336 606 desideres'
1406 539 1498 606 635

413 643 533 711 Verum
557 649 614 729 est,
639 646 724 730 quod
746 669 805 730 pro
830 647 932 710 salute
956 647 1001 710 fit
1017 645 1229 738 mendacium.

411 752 611 838 Ubicumque·
634 753 737 836 pudor
760 759 818 837 est,
842 774 968 836 semper
991 753 1037 818 ibi
1061 739 1173 817 sancta
1197 756 1246 818 est
1268 754 1357 819 fides.
1404 757 1489 820 637

294 861 297 870 ’
357 879 388 926 10
412 859 478 926 Ubi
501 861 656 925 innocens
679 859 841 944 formidat,
864 861 997 924 damnat
1019 859 1165 924 iudicem.
1317 871 1319 877 ’
1404 863 1488 928 639

412 967 573 1032 Voluntas
596 967 802 1052 impudicum,
825 989 892 1032 non
915 989 1031 1050 corpus
1054 966 1166 1032 facit.'

412 1075 535 1140 Virtuti
559 1074 673 1138 melius
698 1097 794 1158 quam
817 1074 967 1138 fortunae
990 1073 1137 1138 creditur.
1278 1085 1304 1134 ο

412 1181 557 1245 Verbum
581 1202 674 1244 omne
697 1180 796 1244 refert
818 1180 851 1243 in
875 1201 972 1264 quam
995 1184 1121 1264 partem
1144 1181 1323 1266 intellegas.
1405 1183 1480 1249 642

412 1285 528 1350 Virum
551 1287 673 1351 bonum
696 1289 821 1370 natura,
844 1308 911 1352 non
934 1287 1012 1370 ordo
1036 1285 1125 1351 facit.

356 1410 388 1459 15
412 1379 478 1458 Ubi
501 1393 608 1477 coepit
631 1393 731 1457 ditem
753 1415 876 1477 pauper
899 1393 1019 1458 imitari
1042 1394 1135 1476 perit.

412 1500 565 1566 Veterem
588 1500 721 1565 ferendo
745 1501 896 1564 iniuriam
919 1500 1038 1564 inuites
1061 1523 1190 1566 nouam.
1385 1504 1474 1568 '645

412 1607 552 1672 Virtutis
577 1607 682 1691 spolia
705 1628 778 1671 cum
800 1606 897 1691 uidet,
921 1607 1040 1692 gaudet
1062 1608 1166 1672 labor.

412 1713 553 1794 Virtutis
577 1715 685 1778 uultus
709 1717 833 1798 partem
857 1713 957 1778 habet
979 1715 1144 1779 uictoriae.

412 1819 540 1884 Virtute
564 1820 650 1904 quod
672 1841 739 1884 non
760 1820 867 1903 possis
890 1820 1048 1885 blanditia
1071 1821 1206 1887 auferas.

323 1932 325 1936 ’
356 1945 389 1991 uo
413 1926 594 2010 Utrumque
619 1948 728 1991 casum
753 1926 895 2009 aspicere
918 1927 1022 2012 debet,
1045 1929 1099 2013 qui
1122 1929 1268 2014 imperat.

413 2033 574 2117 Voluptas
597 2033 697 2098 tacita
719 2037 823 2098 metus
848 2039 898 2125 est
920 2035 1026 2120 magis
1050 2057 1146 2119 quam
1170 2036 1331 2121 gaudium.
1405 2039 1473 2103 650

413 2140 485 2206 Viri
507 2141 586 2205 boni
609 2146 660 2206 est
681 2141 805 2206 nescire
829 2141 933 2206 facere
955 2141 1116 2206 iniuriam.

413 2246 516 2312 Vultu
539 2269 582 2310 an
604 2251 722 2313 natura
746 2247 875 2332 sapiens
901 2248 954 2332 sis,
977 2248 1115 2311 multum
1139 2247 1282 2314 interest.

261 2417 262 2420 ,
354 2363 389 2419 ‘24
413 2353 536 2419 Virtuti
559 2375 702 2418 amorem
725 2375 820 2418 nemo
843 2353 978 2438 honeste
1002 2353 1149 2438 denegat.
1404 2359 1472 2424 653

325 2605 455 2657 senectus
473 2603 579 2672 peccat.
599 2601 636 2655 ad
654 2618 736 2669 quem
754 2600 859 2670 refugit
878 2599 1016 2670 sapientia
1033 2601 1058 2653 Τ
1127 2607 1143 2654 6
1165 2601 1189 2654 Τ
1200 2601 1241 2654 nil
1259 2601 1320 2655 tim.
1337 2603 1363 2656 T
1373 2605 1472 2676 Bothe,

323 2690 383 2746 tim.
403 2690 476 2744 nihil
495 2689 526 2743 F
601 2691 668 2744 'lut
686 2688 761 2744 abeis
779 2689 874 2755 Bothe,
894 2691 923 2744 et
940 2690 1011 2744 bene
1031 2689 1068 2743 sis
1086 2688 1233 2744 Buecheler
1273 2691 1394 2760 patriam
1413 2695 1471 2751 des.

302 2811 304 2814 ·
324 2781 361 2847 F,
379 2779 501 2849 patriam
524 2796 582 2833 non
605 2779 661 2835 des.
683 2779 780 2845 Orelli,
804 2779 898 2848 patria
921 2795 984 2832 eom
1008 2778 1034 2832 d.
1054 2778 1156 2833 Gruter
1196 2778 1248 2833 ubi
1265 2797 1328 2834 oum
1347 2781 1402 2836 tuis
1422 2783 1470 2854 sis,

299 2867 446 2937 -patrism
470 2885 528 2922 nou
552 2868 609 2922 des.
636 2867 751 2938 Speupel
833 2873 849 2922 8
877 2867 900 2920 0
923 2873 970 2936 24,
995 2873 1024 2934 23
1053 2867 1123 2920 Τπσ
1136 2885 1201 2936 par.
1247 2869 1280 2922 fit
1304 2870 1471 2940 plerumque

326 2957 417 3012 mend.
439 2958 464 3010 T
507 2975 534 3009 u.
556 2973 579 3011 e.
598 2958 690 3012 mend.
710 2957 785 3025 quod
807 2956 825 3009 f.
845 2972 896 3024 pro
921 2955 970 3009 sal.
990 2972 1044 3025 uc,
1068 2974 1094 3009 u.
1114 2957 1205 3010 mend.
1226 2956 1244 3013 f.
1263 2977 1314 3028 pro
1338 2961 1388 3014 sal.
1403 2978 1469 3030 par.

246 3115 248 3119 ι
396 3052 412 3099 9
431 3057 480 3115 uu
495 3063 560 3125 pur.
603 3046 702 3099 sancta
724 3046 768 3098 est
786 3046 865 3113 Iup:
889 3060 912 3098 e.
932 3062 952 3098 e.
972 3043 1003 3096 F
1040 3043 1113 3098 ubic.
1133 3064 1160 3114 p.
1179 3045 1220 3100 ibi
1242 3049 1271 3101 et
1292 3049 1361 3103 fides
1384 3051 1428 3104 est
1446 3063 1469 3119 u

325 3142 350 3192 et
369 3137 423 3204 (est
440 3137 502 3205 ou.)
521 3154 542 3188 π
556 3151 620 3204 par.
655 3140 717 3203 post
735 3141 751 3189 9
777 3131 922 3201 Woelffliu
940 3150 973 3187 eu
992 3135 1082 3190 codice
1095 3152 1160 3203 par.
1180 3138 1260 3191 addit
1278 3136 1380 3192 Utilius
1400 3156 1469 3192 ueru

326 3227 368 3280 est
387 3227 439 3294 (est
457 3241 524 3280 uero
538 3227 616 3293 pur.)
634 3223 663 3278 in
683 3225 767 3293 sulco,
786 3239 871 3292 quam
889 3222 984 3292 grauis
1002 3224 1085 3294 galea
1102 3223 1132 3277 in
1150 3225 1264 3295 proelio.
1338 3233 1372 3281 10
1388 3229 1411 3281 0
1427 3234 1469 3298 18,

326 3321 356 3383 23
376 3332 469 3384 opor.
507 3315 600 3368 damn.
619 3314 684 3368 iud..
699 3315 733 3368 O:
752 3313 770 3368 i.
787 3313 812 3370 d.
832 3313 883 3366 Fr
896 3330 961 3382 pur.
1036 3319 1067 3367 11
1087 3314 1219 3368 uoluntas
1238 3314 1351 3370 Gruter:
1370 3315 1470 3386 uolup-

324 3405 369 3458 tas
388 3403 419 3457 F
456 3402 629 3472 impudicum
651 3419 708 3456 non
733 3403 829 3456 Orelli:
853 3418 910 3456 non
932 3401 1066 3470 pudicum
1090 3401 1128 3470 F,
1151 3419 1234 3470 quem
1256 3404 1389 3473 pudicum
1412 3423 1471 3460 non

326 3493 428 3548 Gruter
506 3497 579 3545 140
662 3496 694 3545 15
718 3502 790 3560 απψ
806 3507 870 3561 par.
917 3490 1005 3544 ditem
1027 3490 1185 3545 Buecheler:
1214 3490 1331 3548 diuitem
1356 3495 1432 3550 codd.

324 3599 409 3652 paup.
434 3581 489 3637 diu.
512 3581 559 3636 im.
584 3579 690 3650 ceperit
712 3591 798 3648 απψ,
825 3597 852 3648 p.
877 3579 903 3632 d.
928 3579 1034 3648 ceperit
1061 3578 1109 3635 im.
1128 3597 1208 3649 par,
1236 3582 1329 3652 coepit
1351 3601 1376 3653 p.
1401 3583 1427 3636 d.
1450 3583 1475 3638 i.'

327 3671 438 3737 Gruter,
456 3689 483 3740 p.
503 3687 526 3724 c.
546 3670 571 3724 d.
591 3669 638 3724 im.
658 3668 787 3734 Ribbeck,
806 3685 829 3722 c.
849 3667 875 3722 d.
894 3667 942 3724 im.
961 3687 989 3738 p.
1004 3668 1119 3738 Speupel
1155 3669 1288 3740 perditur
1325 3673 1359 3738 cf.
1382 3671 1469 3726 Phue-

326 3762 372 3816 drl
389 3761 446 3827 fab.
466 3760 487 3827 Ι,
507 3765 550 3827 24,
571 3765 584 3810 1
604 3759 687 3828 Inops
705 3759 849 3828 potentem
869 3757 935 3810 dum
953 3755 1016 3810 uult
1033 3756 1139 3812 imitari
1157 3758 1238 3826 perit.
1313 3765 1345 3814 16
1365 3759 1471 3813 Gellius

326 3857 368 3919 11,
388 3855 437 3916 14;
458 3848 583 3903 Macrob.
603 3847 661 3902 Sul.
681 3853 707 3915 2,
727 3854 750 3904 7.
777 3847 800 3900 0
820 3851 897 3915 18,1.
917 3866 935 3900 u
955 3847 1004 3902 bis.
1023 3858 1126 3915 uper.
1167 3845 1313 3903 inferendo
1327 3865 1401 3916 por,
1420 3865 1469 3916 pa·

325 3937 421 3993 tiendo
440 3957 459 3990 u
479 3937 520 3991 br's
555 3935 658 3990 inuites
678 3933 718 3989 F:
737 3934 841 3989 inuitas
860 3955 878 3988 α
898 3937 939 3990 bis
962 3947 1064 4006 uper.
1101 3934 1243 3990 inuitato
1317 3943 1348 3992 18
1368 3937 1469 3990 uolnus

327 4027 389 4096 Iup.
436 4028 548 4096 partam
571 4025 598 4079 h.
622 4024 770 4080 uictoriam
793 4024 909 4094 Speuqel
991 4030 1024 4078 19
1043 4044 1064 4078 π
1080 4041 1142 4093 por.
1189 4043 1245 4080 non
1268 4042 1317 4082 om.
1333 4043 1397 4095 pur.

327 4121 360 4169 21
379 4131 461 4184 mage
479 4114 571 4169 metus
591 4132 617 4182 q.
637 4131 663 4183 g.
683 4113 727 4168 est
745 4113 847 4167 Gruter
919 4119 953 4167 22
975 4117 1103 4181 Φ12,4;
1123 4135 1144 4184 φ
1165 4122 1198 4170 12
1218 4133 1233 4168 σ
1247 4132 1311 4183 pur.
1348 4113 1402 4167 fac.
1421 4112 1468 4168 ini.

326 4222 354 4258 c:
373 4204 422 4258 ini.
441 4202 495 4261 fao.
514 4203 545 4256 F
557 4219 634 4272 pur,
652 4202 713 4272 pati
730 4201 778 4256 uel
794 4201 889 4256 facere
907 4201 954 4254 ini.
977 4203 1036 4269 Φφ,
1054 4201 1102 4256 ini.
1122 4203 1183 4273 pati
1198 4203 1341 4270 Woelfflin
1377 4201 1468 4256 Seuer.

326 4292 445 4349 Ooutr.3
462 4291 581 4361 praefat.
595 4291 679 4346 homo
699 4305 824 4345 summae
843 4287 1002 4359 probitatis,
1021 4289 1070 4358 qui
1087 4307 1139 4348 neo
1157 4291 1250 4347 facere
1268 4289 1399 4346 iniuriam
1417 4305 1469 4342 nec

325 4381 387 4454 pati
405 4379 498 4436 sciret.
570 4387 605 4436 23
624 4397 682 4450 sap.
702 4377 740 4434 sis
757 4379 856 4435 Bellus
876 4377 914 4433 sis
932 4393 990 4448 sap.
1010 4378 1041 4432 F
