3352 5138
672 317 841 372 Sententiae.

267 479 302 544 Ο
331 481 433 545 uitam
457 479 575 544 misero
598 481 746 565 longam,
769 478 856 542 felici
878 478 1026 541 breuem!

269 585 456 671 Obiurgari
480 587 515 650 in
540 586 726 652 calamitate
750 583 882 668 grauius
906 587 956 648 est
978 605 1075 667 quam
1099 583 1275 648 calamitas.

218 708 238 756 5
270 691 305 757 O
331 693 423 758 dulce
445 696 657 776 tormentum,
680 692 737 756 ubi
760 691 947 776 reprimitur
971 690 1138 775 gaudium!
1273 690 1339 753 440

269 798 401 864 Omnes
424 799 526 884 aequo
550 799 659 864 animo
683 802 814 883 parent,
837 798 893 862 ubi
916 796 1005 883 digni
1028 797 1198 881 imperant.

268 906 390 972 Occidi
414 897 474 971 444
487 907 669 991 pulchrum,
691 905 908 992 ignominiose
931 903 987 968 ubi
1011 904 1143 968 seruies.

273 1012 308 1099 O
331 1013 469 1078 tacitum
491 1016 688 1078 tormentum
713 1012 815 1077 animi
838 1011 1048 1076 conscientia!

212 1127 229 1170 ”-
277 1120 411 1205 Optime
427 1121 570 1204 positum
585 1123 635 1184 est
648 1119 848 1197 beneficium,
867 1140 885 1178 ss
903 1117 960 1181 ubi
979 1117 1129 1181 meminit
1143 1117 1198 1200 qui
1213 1117 1338 1199 accipit.

210 1243 251 1291 10
281 1225 446 1311 Obsequio
470 1230 591 1315 nuptae
615 1227 679 1291 cito
703 1226 743 1290 fit
765 1225 874 1290 odium
898 1223 1039 1308 paelicis.
1271 1223 1337 1286 445

280 1332 415 1398 Occasio
439 1337 588 1418 receptus
612 1332 760 1398 difficiles
783 1332 891 1396 habet.
1112 1411 1114 1414 Ι
1361 1347 1363 1352 ·

281 1439 308 1505 Ο
332 1441 507 1525 pessimum
530 1439 687 1524 periclum
712 1439 797 1524 quod
821 1441 970 1522 opertum
993 1439 1080 1504 latet.

214 1563 253 1612 13
280 1549 303 1632 †
324 1546 443 1612 Omnes
467 1567 540 1610 cum
563 1548 699 1628 peccunt
721 1545 847 1610 occulte
870 1549 1027 1628 pacantur
1050 1544 1153 1610 citius.

278 1652 414 1718 Occasio
438 1673 533 1738 aegre
557 1653 690 1716 offertur
712 1651 808 1717 facile
832 1653 1000 1716 amittitur.
1269 1651 1334 1714 449

227 1760 258 1824 0
282 1759 376 1824 Oculi
400 1781 542 1825 amorem
556 1781 573 1820 e
587 1758 759 1842 incipiunt,
782 1757 981 1823 consuetudo
1005 1758 1140 1841 perficit.

219 1924 261 1982 Ψ
281 1918 407 2006 Probus
429 1879 564 2012 libertus
588 1919 657 1984 sine
679 1922 798 1984 444414
821 1922 870 1983 444
892 1918 986 1983 filius.
1274 1919 1341 1982 450

279 2024 435 2091 Prodesse
459 2026 513 2111 qui
537 2026 609 2089 uult
630 2047 690 2090 nec
712 2029 821 2110 potest
844 2047 954 2109 aeque,
977 2029 1027 2089 est
1049 2025 1154 2090 miser.

280 2131 405 2197 Pericle
428 2131 560 2196 timidus
585 2132 683 2216 etiam
708 2153 789 2215 quae
813 2153 880 2195 non
905 2135 981 2196 sunt
1003 2131 1101 2196 uidet.

281 2237 389 2302 Pudor
411 2237 518 2302 doceri
541 2259 608 2303 non
630 2241 754 2321 potest,
776 2237 868 2301 nasei
891 2240 1008 2320 potest.

241 2360 256 2408 4
281 2327 357 2408 Plus
381 2347 432 2407 est
454 2365 550 2426 quam
573 2365 680 2426 poena
703 2344 771 2406 sine
795 2365 852 2426 spe
876 2343 1028 2408 miserum
1056 2344 1175 2410 uiuere.
1231 2375 1232 2380 ¹

283 2449 442 2514 Pudorem
466 2450 607 2514 alienum
632 2450 687 2533 qui
711 2449 807 2532 eripit
829 2449 936 2532 perdit
959 2473 1062 2516 suum.
1274 2453 1339 2516 455

190 2657 250 2712 αψε
271 2643 394 2700 officium
414 2641 450 2711 F,
474 2642 595 2712 seruigio
617 2643 698 2696 Bart.
736 2641 823 2696 animi
846 2643 1037 2710 4144Β414.
1111 2643 1248 2699 3Seneca
1268 2644 1337 2698 Oen-

191 2737 403 2802 4144414.7,18
441 2732 501 2784 uite.
520 2773 527 2786 .
547 2773 553 2785 .
572 2730 658 2800 longa
677 2771 683 2784 .
704 2773 710 2784 .
728 2729 822 2784 breuis
842 2729 944 2785 Seneca
1015 2733 1035 2784 4·
1054 2731 1152 2797 Τακψ
1171 2732 1251 2786 Bart.
1289 2733 1337 2804 ob-

190 2823 302 2893 iurgare
323 2823 349 2875 T
384 2820 497 2891 grauior
517 2819 543 2872 Τ
578 2835 661 2888 quam
684 2818 747 2889 ipsa
770 2819 823 2874 cal.
848 2831 917 2889 ακψ
940 2819 1021 2874 Bort.
1096 2821 1253 2887 tuBurt.
1290 2822 1339 2876 ubi

197 2912 353 2979 Woelfflin:
382 2925 472 2978 aequo
497 2907 547 2962 ubi
565 2907 606 2976 F,
634 2908 682 2962 ubi
710 2924 800 2976 aequo
827 2908 962 2977 animoa
1035 2907 1156 2978 6023,
1176 2915 1200 2965 2.
1234 2909 1303 2963 Tuo

188 3000 267 3070 digni
286 3000 325 3054 F:
355 3000 455 3069 dignus
477 2998 512 3066 T,
540 2996 663 3064 russie,
691 2997 757 3051 boni
780 3015 821 3050 ασ
855 2995 976 3067 imperat
1006 2996 1032 3049 Τ
1103 3003 1157 3051 'le
1172 2999 1259 3065 44441
1299 3000 1340 3053 eie

193 3090 302 3159 Meyer:
330 3087 476 3159 pulchrum
497 3089 540 3142 est
559 3087 651 3156 Fece,
674 3086 724 3142 ubi
742 3086 798 3156 ign.
819 3087 925 3142 seruies
944 3087 985 3156 F,
1014 3087 1038 3142 si
1055 3088 1112 3158 ign.
1132 3089 1220 3142 seruis
1240 3109 1271 3158 α,
1290 3090 1340 3144 ubi

191 3177 344 3247 ignominie
368 3176 540 3231 conscientia
562 3179 646 3243 estu
719 3180 774 3230 84
811 3177 911 3231 animi:
933 3177 1088 3247 ignominie
1106 3198 1125 3231 α
1199 3184 1253 3232 94
1289 3179 1338 3234 ubi

175 3265 251 3319 -eius
268 3266 378 3330 Gruter,
397 3266 475 3320 cuius
490 3266 576 3320 Halm
612 3250 806 3334 metuunt'qui
820 3265 963 3336 accipiunt
976 3287 995 3320 α
1068 3273 1102 3320 10
1121 3277 1167 3335 aa
1205 3267 1338 3336 obsequio

191 3355 319 3424 Speupel:
345 3354 509 3422 obsequium
528 3354 606 3421 Fau
642 3354 698 3409 fert
715 3355 802 3409 Bothe
838 3353 946 3423 (pelicis
965 3355 1008 3422 F)
1083 3361 1114 3408 12
1134 3356 1294 3425 periculum
1309 3357 1340 3410 F

264 3449 296 3497 13
316 3453 338 3510 ψ
376 3442 458 3496 citius
476 3444 613 3512 pacantur
631 3454 654 3510 ψ
692 3443 723 3498 0.
744 3460 767 3500 4.
787 3443 896 3498 occulte
914 3447 1032 3512 peccant
1049 3448 1169 3514 peccent
1186 3446 1274 3500 tutius
1295 3448 1339 3501 uel

193 3532 271 3587 ocius
294 3531 450 3600 Woelfflin,
479 3531 510 3586 0.
530 3549 552 3586 4.
572 3550 599 3602 p.
619 3548 676 3588 oce,
695 3536 815 3602 peccant
833 3533 923 3588 multo
941 3512 1028 3587 tirtius
1046 3533 1179 3605 Ribbeck,
1204 3535 1235 3590 0.
1256 3554 1279 3591 4.
1299 3555 1336 3606 p,

191 3621 291 3689 peccat
309 3638 380 3675 unns
398 3620 506 3675 tutius?

265 3710 357 3779 zm
375 3711 454 3764 414444
471 3728 499 3766 a.
519 3715 580 3765 46
646 3711 1057 3780 0414444146114444415
1079 3711 1172 3781 07,2
1209 3715 1338 3780 cfiAlo

228 3797 276 3851 Oc.
297 3799 407 3853 occulte
425 3814 548 3853 41441414
567 3801 611 3853 uel
630 3799 676 3854 04.
697 3815 821 3853 41441414
840 3800 952 3854 subito?

264 3889 294 3940 Ψ
312 3887 365 3956 (F)
388 3888 466 3942 hebet
489 3889 533 3955 (4.4
555 3890 596 3956 Σ)
619 3893 652 3941 21
681 3889 829 3942 sententies
852 3888 1002 3943 ‘Peccandi
1030 3889 1086 3944 duo
1111 3930 1138 3944 ..
1162 3889 1334 3961 Principium

190 3973 369 4043 discordiae’,
388 3976 484 4030 deiude
498 3980 542 4042 (44
555 3976 611 4042 Π);
630 3976 661 4030 F
679 3982 764 4030 1-51
806 3993 839 4032 44
859 3980 900 4032 ep,
919 3990 942 4046 ψ
961 3984 986 4032 2.
1006 3985 1030 4032 6.
1052 3984 1093 4031 10.
1113 3983 1138 4034 3.
1158 3984 1228 4034 8..x.
1249 3986 1290 4034 11.
1310 3999 1336 4035 x.

190 4069 233 4116 21.
253 4068 294 4116 24.
315 4067 357 4115 24.
378 4069 419 4116 30.
439 4070 481 4118 34.
502 4071 544 4118 36.
564 4071 606 4118 33.
627 4071 668 4118 45.
690 4070 732 4120 48.
752 4071 794 4120 48.
837 4067 945 4123 Β41444.
965 4068 1067 4122 eosdem
1084 4068 1182 4122 omisso
1199 4085 1282 4122 uersu
1301 4074 1335 4124 48

227 4158 291 4204 113.
311 4158 335 4206 8.
357 4156 396 4205 15.
419 4159 459 4205 17.
478 4159 522 4207 21.
542 4159 584 4206 25.
604 4160 646 4207 30.
666 4159 709 4208 32.
729 4160 771 4208 34.
786 4161 829 4209 39.
849 4160 883 4208 48
944 4162 1019 4210 luo
1053 4156 1183 4226 prebete
1209 4156 1336 4212 sineno:

192 4239 216 4293 si
231 4239 262 4294 F
318 4239 475 4308 2413414.
510 4242 553 4295 444
566 4239 651 4295 miser
665 4243 743 4312 Ing:
762 4243 847 4298 miser
860 4245 903 4298 est
917 4256 948 4312 ψ,
967 4245 1051 4298 miser
1065 4245 1101 4313 F,
1115 4246 1205 4300 meret
1221 4245 1337 4315 Speapel

262 4329 331 4383 3Τ.
351 4349 370 4382 α
389 4330 437 4384 444.
457 4347 500 4383 ero
535 4330 659 4398 pericula
677 4333 752 4387 codd.
789 4331 868 4387 uidet
886 4349 1021 4402 presagus
1042 4332 1074 4398 Τ,
1092 4332 1207 4388 timeto
1279 4335 1338 4388 4Τ

263 4417 353 4474 tsine
364 4434 413 4490 spe
428 4418 582 4488 Woelfflin:
598 4419 725 4475 sinerem
736 4421 772 4490 F,
787 4420 1001 4493 sinereSpeupel
1073 4422 1216 4489 64111444.
1255 4440 1337 4482 suum
