3352 5138
305 371 348 434 38
775 367 891 423 Publilii
911 369 971 438 Syri

394 534 433 598 Iu
457 555 565 598 amore
589 554 715 616 semper
738 555 835 597 eausa
858 532 968 596 damni
991 531 1163 616 quaeritur.

333 657 367 704 45
391 639 535 705 Iucunda
557 640 684 704 macula
707 643 757 704 est
779 661 817 703 ex
840 639 964 704 inimici
987 637 1152 722 sanguine.
1387 632 1456 697 275

395 747 434 811 In
456 768 571 811 uenere
596 767 722 829 semper
745 745 846 810 dulcis
870 749 920 810 est
942 743 1110 809 dementia.

395 851 434 916 In
457 853 574 917 misero
598 852 694 917 facile
718 853 755 916 fit
778 855 893 936 potens
916 851 1042 917 iniuria.

395 959 563 1024 Interdum
586 958 686 1023 habet
709 957 866 1022 stultitiae
880 960 1016 1045 'partem
1039 955 1188 1021 facilitas.

395 1065 518 1130 inertia
541 1067 592 1129 est
613 1064 734 1129 laboris
759 1064 932 1130 excusatio.
1004 1089 1006 1094 ¹

337 1189 371 1238 5ο
394 1171 550 1237 Iniuriam
574 1169 700 1235 facilius
724 1170 825 1235 facias
848 1193 944 1254 quam
967 1170 1061 1234 feras.

397 1279 503 1344 Iratus
526 1277 611 1342 nihil
633 1299 700 1342 non
720 1278 867 1342 criminis
890 1278 1033 1362 loquitur
1055 1278 1136 1342 loce.
1169 1327 1172 1332 ,

397 1385 543 1450 Incertus
567 1385 693 1449 animus
716 1385 893 1476 remedium
917 1388 967 1448 est
990 1385 1176 1468 sapientiae.

398 1491 436 1556 ln
458 1491 551 1575 turpi
569 1513 603 1554 re
626 1479 757 1574 peccare
780 1491 829 1554 bis
854 1489 1038 1576 delinquere
1063 1494 1120 1556 est

397 1597 561 1682 Ingenuus
585 1597 711 1662 animus
734 1619 801 1662 uon
824 1596 886 1661 fert
907 1598 997 1673 uocis
1021 1599 1164 1662 uerbera.

336 1720 369 1770 55
393 1703 548 1770 Iniuriam
571 1704 640 1788 ipse
664 1704 765 1780 facias
789 1703 845 1768 ubi
867 1725 933 1778 non
956 1703 1109 1786 uindices.
1388 1702 1456 1767 285

330 1832 334 1838 ·
397 1811 430 1881 Is
455 1812 623 1876 minimum
647 1815 722 1897 eget
744 1811 904 1896 mortalis,
928 1811 982 1894 qui
1006 1811 1175 1877 minimum
1194 1812 1291 1895 eupit.

397 1919 524 1990 Inimici
547 1905 587 1983 ail
611 1909 754 1982 animam
777 1901 886 1984 nullae
909 1919 1106 1984 conueniunt
1129 1941 1248 2004 preces.

398 2025 533 2090 Inimico
557 2025 698 2090 extincto
722 2025 856 2090 exitium
879 2026 1031 2091 lacrimae
1055 2048 1121 2092 non
1144 2027 1275 2091 habent.

398 2132 450 2196 Ibi
473 2153 599 2217 semper
621 2136 671 2197 est
694 2133 846 2216 uictoria,
868 2133 924 2198 ubi
947 2135 1119 2199 concordia
1142 2137 1200 2198 est.

337 2239 461 2304 salter
485 2242 546 2324 est,
570 2260 769 2324 quacumque
794 2239 850 2303 dat
872 2239 961 2323 prior
984 2240 1167 2326 uestigium.
1267 2235 1270 2239 ’
1387 2241 1454 2304 290

355 2350 357 2356 '
400 2345 451 2410 lbi
473 2349 549 2430 pote
572 2346 679 2410 ualere
702 2345 859 2431 populna,
881 2345 937 2410 ubi
960 2347 1048 2430 leges
1072 2347 1190 2410 ualent.
1391 2346 1454 2409 291

345 2453 378 2518 Z
397 2454 420 2538 †
442 2440 608 2520 luuectite
632 2454 720 2520 uocis
744 2475 922 2537 numquam
946 2453 1080 2518 libertas
1102 2457 1197 2519 tacet.
1325 2454 1369 2517 od
1390 2453 1457 2518 284

312 2771 367 2828 sibi
387 2775 423 2840 Φῑ
443 2773 476 2840 cf.
501 2771 650 2838 Woelfflin·
664 2776 730 2827 seat.
749 2772 820 2839 folco
838 2771 901 2826 crib.
921 2787 964 2825 uo.
987 2776 1035 2826 181
1109 2776 1143 2825 44
1163 2782 1222 2840 up
1259 2769 1375 2839 dampni
1393 2769 1424 2846 F

313 2861 410 2916 damni
428 2860 565 2936 causaH
643 2865 677 2914 45
700 2881 717 2914 κ
739 2872 762 2929 ψ
781 2861 863 2914 Bart.
899 2859 1021 2914 iocunda
1039 2864 1064 2914 et
1081 2857 1158 2913 imici
1177 2859 1208 2912 F
1287 2865 1320 2913 46
1345 2879 1362 2912 κ
1400 2857 1454 2912 cle·

312 2949 418 3004 mentia
436 2950 471 3002 H
538 2955 607 3003 485
643 2951 714 3019 part.
739 2949 815 3006 stult.
841 2967 857 3002 c
897 2949 1019 3004 facilitas
1044 2949 1202 3017 Woelffliaq
1229 2947 1349 3002 felicitas
1368 2948 1403 3002 H
1405 2947 1455 3002 Fc

312 3037 413 3092 49551
436 3037 493 3092 lab.
513 3039 591 3108 Iup:
610 3038 629 3093 l.
649 3055 672 3092 e.
692 3038 758 3092 HF
792 3037 948 3093 excussatio
967 3038 1001 3091 H
1079 3037 1255 3104 5001e,1
1292 3035 1454 3091 iniuriasO

313 3127 348 3195 cs.
367 3131 400 3180 55
436 3125 510 3181 feras
528 3143 614 3196 quam
632 3125 763 3180 faciasO
835 3131 867 3180 51
889 3145 907 3179 o
926 3131 966 3180 tec
1000 3143 1056 3181 nou
1076 3125 1116 3180 F:
1136 3143 1198 3180 cum
1214 3125 1252 3193 H,
1270 3125 1325 3178 nisi
1344 3145 1363 3178 α
1382 3131 1422 3180 ter

311 3215 375 3270 loco
403 3206 453 3270 om.
478 3235 497 3269 α
519 3220 560 3270 ter
640 3220 673 3269 52
702 3213 839 3286 ingenuus
863 3215 1007 3283 Woelfflin
1042 3214 1190 3269 dimidium
1212 3214 1301 3268 Bothe
1341 3211 1456 3268 incertis

313 3303 413 3358 animis
431 3320 498 3360 rem.
514 3321 537 3358 e.
553 3302 709 3374 sapientia?
784 3308 817 3358 53
837 3323 856 3358 α
874 3311 977 3374 quater.
1010 3315 1057 3372 κψ
1076 3303 1157 3358 Bart.
1194 3301 1271 3372 turpi
1284 3319 1326 3357 re:
1345 3304 1456 3372 turpem

313 3393 348 3446 H
380 3399 424 3448 est
442 3393 495 3448 del.
515 3413 534 3446 c
553 3394 601 3448 bis.
621 3404 666 3462 κψ
739 3399 808 3447 54σ
880 3397 914 3447 55
935 3393 958 3446 0
979 3399 1019 3461 11,
1039 3397 1063 3447 4.
1088 3392 1210 3462 pBart.
1247 3390 1362 3446 iniurias
1380 3391 1457 3446 etfa-

314 3479 372 3538 cies
393 3481 415 3536 O
452 3481 522 3536 lacit
540 3481 589 3552 qui
607 3479 668 3536 eam
684 3480 809 3536 uindicat
830 3493 852 3550 ψ
873 3483 940 3551 (uon
959 3481 1078 3536 uendica
1095 3481 1188 3550 Bart.)
1258 3485 1320 3550 post
1340 3485 1373 3534 55
1393 3471 1457 3536 αάἀζ

314 3569 409 3625 Hert:
438 3568 490 3624 Chi
508 3585 595 3624 onora
617 3569 639 3623 il
662 3569 743 3638 folle,
771 3586 788 3624 a
812 3585 841 3623 se
864 3569 1018 3624 medesimo
1041 3569 1070 3623 fa
1093 3567 1223 3638 ingiuria¹
1243 3568 1309 3637 (sibi
1331 3567 1391 3638 ipse
1410 3567 1458 3622 ini.

313 3657 410 3726 facim)
483 3663 517 3712 56
537 3657 638 3714 Seneca
656 3659 732 3727 epist.
749 3663 808 3727 los,
824 3664 865 3712 11.
904 3661 1027 3727 Φ12,8.
1062 3677 1081 3711 α
1100 3658 1148 3712 bis.
1167 3669 1190 3726 p
1209 3657 1289 3712 Bell.
1327 3657 1351 3711 is
1367 3661 1459 3712 cmm

349 3743 464 3800 minimo
482 3745 584 3802 Seneca
606 3767 625 3800 α
640 3748 725 3813 semel,
739 3745 825 3800 nimio
839 3747 917 3801 semel
951 3745 1079 3801 mortalis
1089 3745 1190 3800 Seneca
1201 3749 1238 3800 Φ;
1258 3761 1308 3800 om.
1328 3745 1395 3799 HF
1407 3757 1458 3813 αψ

313 3837 395 3892 Bart.
469 3841 502 3891 51
523 3847 544 3905 ψ
569 3836 650 3890 Bart.
687 3834 856 3904 perueniunt
877 3835 978 3890 Naaclc
1050 3839 1084 3888 58
1106 3846 1129 3904 ψ
1152 3835 1233 3894 Bora
1271 3835 1377 3890 exitum
1400 3835 1459 3904 Ha
1576 3875 1579 3898 ,
1653 3904 1654 3922 ¹

313 3926 395 3981 Bart.
425 3923 507 3994 (oude
534 3923 648 4013 oscitel,
676 3925 795 3994 pretium
816 3929 865 3978 cat
892 3940 1005 3979 eausam
1028 3924 1161 3992 Ribbeck,
1187 3923 1310 3979 officium
1333 3923 1459 3994 Speapel,

314 4014 416 4070 uitium
434 4014 575 4068 Baelcreas
609 4029 667 4067 non
685 4013 790 4068 habent
808 4014 873 4070 laer.
893 4013 977 4068 fidem
995 4014 1155 4079 Buecheler,
1182 4013 1249 4068 lacr.
1268 4031 1288 4066 n
1306 4013 1333 4066 h.
1353 4011 1459 4068 exitum

211 4135 216 4140 -
315 4115 337 4172 ψ
410 4108 443 4158 59
463 4123 482 4156 α
499 4104 548 4157 bis.
572 4101 704 4170 pBarta
737 4119 788 4158 om.
812 4103 846 4156 H
879 4104 924 4158 est
953 4118 1029 4158 conc.
1049 4122 1068 4155 α
1090 4103 1138 4156 bis.
1175 4099 1217 4156 ibi
1244 4103 1288 4156 est
1314 4101 1381 4156 niet.
1410 4099 1469 4156 ubi

316 4208 426 4263 semper
444 4193 488 4247 est
505 4204 623 4260 conco
696 4197 730 4246 60
748 4191 820 4247 inter
839 4193 874 4246 H
942 4198 973 4245 61
994 4202 1017 4260 ψ
1036 4190 1130 4245 Bora:
1154 4206 1203 4246 om.
1224 4191 1259 4244 H
1289 4193 1386 4262 potest
1403 4191 1459 4260 Fp

314 4279 371 4336 ual.
390 4280 444 4350 leg.
463 4292 486 4350 ψ
529 4280 644 4336 Videtwr
666 4281 711 4336 lu‘c
733 4282 893 4337 inserendas
916 4297 970 4335 esse
991 4295 1087 4335 aereas
1112 4279 1129 4335 S
1150 4286 1164 4334 1
1185 4283 1258 4351 (584)
1287 4281 1378 4336 Iratus
1396 4280 1460 4351 plus

316 4385 346 4426 se
364 4385 446 4439 posse
466 4386 550 4438 quam
568 4369 658 4439 possit
676 4371 767 4440 putat.

389 4476 425 4530 Z:
452 4475 500 4546 (T)
528 4477 607 4532 habet
629 4493 725 4531 uersas
744 4482 786 4532 62.
806 4483 847 4530 21.
868 4482 910 4531 22.
930 4482 972 4530 23.
993 4483 1017 4532 6.
1039 4484 1078 4531 11.
1100 4484 1124 4532 9.
1145 4483 1186 4532 14.
1208 4483 1249 4532 1⁷.
1269 4483 1303 4531 53
1348 4482 1381 4532 62
1401 4475 1459 4530 Ma·
