3352 5138
700 325 868 382 Sententiae.

268 491 271 496 ’
300 489 401 565 Quem
425 487 551 573 diligas,
574 488 671 552 etiam
695 491 716 569 †
740 489 830 572 queri
854 488 892 552 de
915 489 987 572 ipso
1011 488 1132 552 malum
1155 493 1213 552 666.

301 595 363 671 Qui
386 595 477 658 uenit
499 598 536 658 ut
559 598 682 678 noceat,
707 617 833 679 semper
855 594 1031 658 meditatus
1054 594 1152 659 uenit.

299 701 377 777 Quis
400 702 555 766 miserum
578 700 682 785 sciret,
705 701 806 765 uerba
827 701 890 764 nisi
912 699 1047 764 haberet
1070 699 1185 764 dolor?

241 827 275 876 6ο
299 809 404 886 Quam
432 809 586 873 miserum
615 811 677 891 est,
707 829 779 872 cum
808 829 841 872 se
869 811 1005 873 renouat
1033 811 1260 892 consumptum
1288 831 1354 872 ma-

847 915 924 978 lum.
1239 961 1242 968 -
1290 913 1368 988 560Ι

299 1024 429 1099 Quanto
453 1021 552 1085 serius
576 1024 735 1104 peccatur,
758 1023 851 1085 tante
874 1020 1028 1104 incipitur
1050 1021 1186 1104 turpius.

299 1129 403 1205 Quam
426 1127 604 1210 miserest,
628 1127 683 1211 qui
707 1147 857 1191 excusare
882 1127 944 1206 sibi
968 1149 1001 1191 66
1025 1149 1091 1192 nen
1114 1130 1230 1210 petest.

239 1249 245 1280 '=
298 1237 367 1312 Quo
392 1257 516 1318 caueas,
540 1223 612 1299 eum
636 1235 761 1298 animus
785 1233 871 1300 aliud
894 1234 994 1298 uerba
1018 1234 1105 1298 aliud
1127 1221 1265 1318 petunt?
1287 1289 1290 1294 .

297 1344 359 1434 Qui
381 1327 503 1407 inuitus
528 1341 637 1424 seruit,
660 1341 697 1404 fit
719 1339 817 1404 miser
840 1340 940 1405 seruit
963 1343 1082 1404 tamen.

239 1467 271 1514 66
296 1450 388 1526 Quod
412 1453 462 1514 est
484 1443 671 1531 timendum,
696 1447 814 1530 decipit
838 1447 865 1510 si
880 1447 1052 1531 neglegas.
1287 1448 1353 1512 565

297 1557 380 1632 Quid
403 1557 464 1620 tibi
487 1549 623 1638 pecunia
646 1575 725 1637 opus
749 1557 807 1636 est,
831 1553 859 1617 si
882 1553 930 1618 uti
952 1575 1019 1618 non
1041 1555 1156 1637 potes?
1226 1533 1231 1543 .

298 1663 390 1738 Quod
413 1661 524 1746 fugere
548 1660 667 1742 eredas,
691 1681 786 1742 saepe
810 1659 893 1724 solet
916 1681 1089 1724 occurrere.

259 1768 261 1773 ’
297 1769 450 1845 Quamuis
475 1768 608 1833 acerbus
629 1757 687 1851 'qui
710 1770 820 1830 monet
842 1767 923 1831 nulli
946 1769 1050 1831 nocet.
1286 1771 1350 1836 568
1409 1831 1411 1834 .

245 1877 276 1939 Z
296 1876 357 1952 Qui
381 1875 488 1940 studet
511 1873 620 1938 multis
645 1873 765 1956 amicis
789 1873 910 1937 multos
933 1873 1081 1938 inimicos
1104 1875 1195 1940 ferat
1286 1879 1348 1942 671
1459 1969 1461 1972 Ι

239 2001 271 2049 70
295 1987 316 2065 †
340 1983 401 2059 (lui
425 1973 527 2047 semet
550 1985 690 2063 accusat,
714 1980 753 2044 ab
778 1981 843 2046 alie
867 2002 933 2044 non
956 1983 1066 2064 potest
1089 1982 1260 2046 criminari.
1286 1985 1350 2048 672

295 2091 357 2166 Qui
380 2073 593 2155 dermientem
617 2091 720 2170 necat,
744 2088 911 2152 absentem
935 2088 1110 2152 ulciscitur.
1280 2091 1349 2154 ,673

296 2197 388 2272 Quod
411 2201 464 2268 666
482 2187 665 2278 uenturum,
688 2195 815 2278 sapiens
840 2197 876 2258 ut
898 2217 1051 2278 praesens
1075 2199 1176 2260 cauet.
1285 2199 1350 2262 674

242 2307 268 2367 ί)
292 2302 394 2378 Quem
417 2302 544 2386 diligas,
566 2301 601 2364 ni
623 2304 710 2364 recte
733 2313 875 2383 moneas,
898 2300 1012 2364 oderis.

514 2421 520 2432 “
599 2406 731 2470 Publilii
753 2425 815 2471 esse
836 2408 975 2470 uidetur:

295 2515 387 2590 Quod
410 2515 481 2577 uult
502 2513 602 2576 habet
624 2512 678 2596 qui
701 2513 784 2576 uelle
808 2512 893 2596 quod
917 2515 996 2576 satis
1020 2517 1071 2577 est
1092 2517 1208 2597 potest.

234 2733 271 2792 Ψ
294 2727 430 2792 Ratione
453 2749 520 2791 non
542 2727 576 2790 ui
599 2725 760 2790 uincenda
784 2725 999 2790 adolescentia
1023 2729 1081 2790 666.
1282 2730 1347 2794 569

275 3047 460 3114 58613661.
538 3051 571 3099 66
594 3055 642 3112 nu
685 3026 861 3114 conpositum
883 3044 1030 3098 Buecheler
1107 3049 1233 3098 61666
1273 3049 1346 3116 turp.

203 3136 255 3189 inc.
276 3136 365 3190 cedd:
385 3151 454 3190 corr.
471 3135 572 3189 Gruter
646 3139 679 3188 63
698 3131 747 3202 qui
765 3132 861 3197 Boibe,
879 3130 966 3200 quid?
1003 3149 1103 3187 caueas
1121 3134 1220 3189 Boibe:
1241 3137 1346 3192 canetis

203 3223 234 3275 F
250 3224 360 3290 (cauere
380 3265 386 3276 .
403 3265 408 3277 .
428 3225 524 3292 petere
543 3224 577 3289 cf.
599 3221 714 3288 Quintil.
734 3229 759 3290 8,
780 3229 803 3288 1,
823 3227 865 3276 20.
886 3227 910 3289 9,
930 3227 955 3289 4,
975 3223 1002 3289 8)
1075 3227 1143 3276 646
1219 3225 1345 3300 6561661-

204 3311 258 3379 pit:
278 3313 306 3364 te
326 3312 446 3379 occupat
463 3311 582 3364 Ribbeck
654 3315 687 3364 66
707 3310 751 3362 666
769 3325 818 3363 om.
833 3308 921 3362 Boibe
958 3308 982 3360 ei
1000 3308 1131 3364 Ribbeck:
1151 3311 1175 3364 si
1193 3329 1227 3367 ea
1245 3287 1293 3367 F'

204 3405 236 3454 68
255 3400 371 3454 acerbus
391 3400 469 3468 Imp:
489 3398 605 3452 acerbus
624 3397 667 3450 666
685 3396 722 3464 F,
741 3397 871 3450 acerbnst
888 3396 1008 3451 Ribbeck

274 3506 301 3559 Z
317 3505 368 3576 (Τ)
391 3505 470 3559 kabet
493 3511 535 3560 69.
556 3509 596 3558 70.
618 3508 659 3556 15.
678 3509 721 3556 42.
743 3510 784 3558 71.
805 3509 846 3558 72,
867 3510 900 3558 37
974 3511 1007 3559 69
1031 3507 1071 3560 sic
1091 3508 1200 3578 Meyer:
1223 3508 1271 3576 qui
1293 3528 1344 3564 nu-

202 3593 317 3650 merosis
340 3593 435 3648 studet
457 3591 563 3647 amieis.
592 3593 621 3645 66
643 3590 769 3646 inimicos
791 3608 905 3647 necesse
924 3595 967 3647 est
989 3593 1063 3648 feret
1083 3595 1120 3663 Τ,
1147 3595 1288 3664 quinum.
1309 3599 1343 3652 66.

203 3701 256 3738 am.
275 3681 299 3736 is
318 3682 405 3738 etiam
423 3681 551 3736 inimicos
569 3681 641 3736 ferai
659 3681 771 3750 Haupt,
795 3685 825 3736 et
841 3681 878 3736 in.
898 3681 1022 3752 perferat
1039 3683 1159 3738 Ribbeck
1236 3689 1269 3738 ⁷0
1289 3685 1343 3751 Qui

202 3787 230 3826 se
248 3771 309 3840 ipse
327 3772 454 3839 accuset,
477 3757 603 3824 accusari
621 3787 678 3824 non
695 3771 789 3839 potest
805 3769 938 3839 Ribbeck,
963 3773 1040 3839 apud
1062 3789 1146 3840 6666,
1161 3757 1258 3828 uideas
1276 3775 1343 3829 alie.

274 3866 306 3914 71
325 3862 409 3914 necat
426 3859 538 3928 Haupt:
556 3874 656 3912 necare
674 3857 774 3912 nititur
794 3859 819 3911 Τ
891 3865 923 3913 72
945 3858 1037 3926 061
1075 3864 1107 3916 66
1127 3861 1162 3916 O:
1182 3860 1264 3929 quasi
1284 3862 1309 3914 Τ

201 3949 281 4002 canei
301 3948 332 4017 0,
353 3948 448 4002 Orelli:
469 3947 546 4002 cauit
566 3947 591 3998 Τ

274 4055 297 4108 0
315 4056 394 4110 babet
411 4071 508 4111 666666
526 4061 568 4109 48.
589 4061 631 4110 72.
652 4060 684 4109 ie
759 4061 792 4110 63
813 4055 924 4125 010,4
961 4073 1014 4128 que
1033 4057 1129 4127 diligis
1147 4058 1171 4112 si
1189 4075 1254 4128 non,
1272 4075 1342 4116 core.

202 4143 299 4214 Meyer
371 4149 405 4198 '14
425 4143 553 4198 Seneca
571 4144 727 4212 66666168,
747 4150 779 4198 11
799 4145 835 4212 cf.
857 4145 1023 4201 Testimekie
1042 4149 1074 4202 ie
1092 4147 1214 4204 Publili)

271 4254 302 4304 Ψ
322 4251 401 4305 kabel
423 4267 456 4305 66
478 4253 506 4304 Σ
524 4256 557 4304 18
579 4252 726 4306 semaeias
751 4251 875 4321 ‘Repelli
896 4269 925 4307 66
947 4253 1075 4308 hemines
1095 4254 1198 4310 ..Res
1221 4270 1341 4326 magnae

201 4339 550 4407 clementiae..’,=deiede
567 4356 601 4394 ee
619 4343 659 4394 H:
680 4341 813 4395 F1-1e
849 4343 936 4410 666
956 4343 1008 4412 666
1029 4349 1186 4398 7.e.13.5
1222 4363 1255 4398 πε
1276 4351 1299 4398 1.
1315 4353 1339 4402 2.

200 4428 335 4484 rationem
354 4428 443 4484 uincit
462 4429 571 4498 cupide.
597 4436 637 4484 12.
657 4435 682 4484 8.
704 4436 743 4486 11.
765 4437 806 4486 13.
886 4437 899 4484 1
920 4449 966 4485 ne
1007 4432 1210 4502 6616661696
1235 4435 1278 4488 666
1295 4435 1340 4490 ad.
