3352 5138
307 354 328 418 2
664 357 849 416 Testimonia:
869 357 975 416 Seneca
992 359 1093 431 philos.

305 527 435 586 inueniri
452 546 512 586 non
530 546 618 601 posse
641 528 807 587 meliorem:
833 523 918 587 ‘Fam
943 530 1009 588 dest
1032 548 1123 588 auaro
1147 531 1224 604 quod
1249 531 1342 590 habet
1364 551 1454 608 quarn

298 617 386 692 ,quod
409 635 467 674 non
491 611 602 689 habet’,
627 620 657 675 et
679 617 765 675 illum
789 617 825 675 de
849 618 952 676 eadem
975 637 1007 676 re
1031 618 1143 676 dictum
1167 613 1294 678 ‘Desunt
1318 621 1454 679 luxuriae

307 705 410 781 multa,
431 705 575 764 auaritiae
596 699 717 779 omnia',
740 709 774 764 ut
792 706 860 764 illos
880 725 985 766 uersus
1005 707 1056 781 qui
1074 707 1142 766 huic
1168 727 1287 783 quoque
1306 712 1353 767 ter
1371 710 1453 768 abdi-

308 797 373 853 cato
392 796 515 869 possent
534 794 693 853 conuenire
713 787 749 853 ‘0
770 794 834 853 uita
852 794 961 853 misero
980 795 1087 870 longa,
1106 796 1184 854 felici
1202 791 1314 856 breuis'
1342 801 1373 856 et
1390 799 1423 873 pl
1445 833 1456 843 -

307 883 399 941 rimos
429 883 566 958 deinceps
594 902 699 942 uersus
732 883 882 942 referebat
914 883 1053 942 Publili
1085 885 1306 945 disertissimos.
1347 885 1454 946 deinde

308 975 459 1030 auctorem
477 973 566 1030 huius
586 973 642 1031 uiti
660 973 738 1048 quod
759 991 794 1030 ex
813 973 948 1047 captione
973 972 1061 1031 unius
1080 975 1165 1033 uerbi
1183 975 1271 1048 plura
1290 975 1455 1050 significan-

309 1061 349 1120 tis
373 1062 504 1120 nascitur
528 1062 628 1120 aiebat
651 1061 847 1137 Pomponium
871 1061 1080 1120 Atellanarum
1106 1064 1281 1138 scriptorem
1303 1064 1409 1142 fuisse,
1437 1084 1456 1123 a

311 1169 368 1225 quo
386 1152 516 1225 primurn
539 1151 577 1208 ad
596 1151 756 1208 Laberium
779 1151 924 1210 transisse
947 1151 1003 1209 hoc
1022 1151 1154 1210 studium
1172 1152 1323 1226 imitandi,
1350 1152 1455 1212 deinde
1535 1186 1536 1190 =

310 1238 348 1297 ad
374 1237 557 1300 ciceronem
573 1238 625 1315 qui
650 1241 725 1297 illud
751 1240 789 1298 ad
815 1239 959 1299 uirtutem
984 1241 1191 1299 transtulisset
1217 1235 1458 1317 (transtulissent

310 1329 352 1388 ed.
366 1321 538 1405 Kicsstc'nq).
570 1348 640 1386 nam
659 1332 693 1388 ut
711 1331 863 1388 transeam
881 1328 1111 1388 innumerabilia
1129 1347 1206 1404 quae
1221 1327 1323 1389 Cicero
1342 1331 1374 1388 in
1393 1350 1458 1390 ora-

308 1417 441 1476 tionibus
466 1418 573 1476 autin
596 1437 731 1477 sermone
755 1418 829 1476 dixit
853 1421 884 1476 et
906 1420 978 1477 nota
1001 1422 1117 1477 utnon
1140 1418 1269 1476 referam
1292 1418 1456 1478 aLaberio

310 1507 402 1580 dicta,
428 1526 495 1566 eum
517 1507 601 1565 mimi
625 1507 688 1565 eius
713 1507 857 1582 quidquid
880 1507 968 1566 modo
987 1507 1141 1565 tolerabile
1160 1507 1272 1566 habent
1289 1509 1350 1567 tale
1369 1509 1457 1569 habe-

310 1598 434 1655 0111..
471 1597 519 1654 Ab
538 1596 584 1654 his
603 1595 692 1654 huius
712 1596 805 1655 studii
824 1597 935 1654 diflusa
954 1599 1001 1654 est
1019 1596 1050 1654 in
1069 1596 1170 1671 plures
1189 1596 1326 1657 imitatio.

400 1684 534 1744 Contrua.
559 1685 628 1750 Vll,
653 1687 687 1761 4,
712 1686 731 1743 8
758 1679 799 1762 (p.
821 1688 893 1758 211,
913 1687 955 1743 24
974 1677 1080 1764 Burs.)
1108 1684 1145 1743 In
1172 1685 1228 1744 hac
1255 1687 1458 1746 controuersia

310 1773 560 1832 Publilianam
581 1765 773 1853 (Publianam
791 1767 884 1854 codd.)
911 1774 1091 1832 sententiam
1110 1775 1192 1833 dedit
1210 1775 1317 1834 Festus
1336 1775 1458 1851 quidam

309 1864 414 1922 rhetor
433 1908 458 1923 ..
477 1863 547 1920 Fuit
567 1865 665 1920 autem
687 1863 769 1920 Festi
789 1862 952 1921 sententia:
977 1867 1082 1938 captus
1102 1866 1161 1938 est,
1185 1865 1283 1940 inquit
1301 1868 1395 1940 pater.
1433 1865 1459 1924 si

310 1956 340 2012 te
360 1952 439 2028 capti
457 1954 592 2024 mouent,
616 1951 742 2010 ethaeo
766 1955 853 2026 capta
876 1955 930 2010 est.
968 1955 998 2010 et
1021 1953 1107 2026 quasi
1131 1973 1190 2012 non
1209 1953 1458 2012 intellexissemus

310 2041 365 2099 ait:
385 2060 424 2099 an
443 2041 565 2100 nescitis
584 2040 642 2098 dici
662 2033 776 2115 ‘captos
795 2033 991 2098 luminibus’?

400 2128 535 2188 Seneca
553 2129 649 2203 Epist.
667 2131 769 2189 morat.
789 2131 818 2202 8,
838 2131 866 2188 8.
887 2131 919 2188 9:
940 2128 1091 2198 Quantum
1110 2131 1373 2191 disertissimorum
1392 2151 1458 2190 uer-

312 2237 399 2278 suum
418 2219 497 2276 inter
515 2218 639 2277 mimos
657 2218 747 2277 iacet!
767 2238 857 2294 quam
874 2218 972 2277 multa
995 2219 1150 2279 Publilii
1174 2213 1288 2300 (Publii
1306 2213 1380 2302 cod.)
1397 2239 1458 2279 non

313 2307 499 2384 excalceatis,
519 2307 571 2366 sed
590 2307 775 2366 cothurnatis
795 2307 919 2383 dicenda
938 2311 1020 2368 sunt!
1044 2329 1137 2368 unum
1160 2328 1281 2368 uersum
1306 2309 1383 2383 eius,
1407 2310 1458 2385 qui

311 2398 349 2455 ad
373 2395 592 2472 philosophiam
615 2397 747 2471 pertinet
770 2399 801 2455 et
823 2397 861 2455 ad
885 2397 961 2456 hanc
983 2400 1124 2473 partem,
1142 2417 1217 2473 quae
1241 2398 1328 2458 modo
1346 2399 1406 2456 fuit
1427 2399 1471 2484 in,

222 2478 225 2484 ’
311 2485 462 2559 manibus,
490 2486 632 2560 referam,
658 2505 716 2561 quo
739 2489 831 2562 negat
854 2487 1034 2546 fortuitain
1056 2489 1158 2546 nostro
1183 2488 1333 2547 habenda:
1362 2479 1404 2570 (A
1426 2481 1459 2566 1)

314 2569 465 2634 ‘Alienum
485 2578 532 2634 est
551 2594 645 2649 omne,
665 2575 805 2650 quicquid
824 2576 954 2650 optando
973 2569 1095 2636 euenit’.

401 2657 552 2744 (quc'stolu
571 2666 622 2738 94,
643 2666 683 2724 28
704 2663 857 2739 Numquid
876 2665 1024 2723 rationem
1043 2664 1159 2740 strigae,
1185 2682 1252 2726 cnm
1276 2665 1331 2723 tibi
1350 2666 1458 2740 aliquis

313 2754 367 2812 hos
387 2753 495 2812 dixerit
514 2751 641 2812 uersus?
673 2751 689 2810 I
709 2755 748 2811 21
771 2746 964 2812 ‘Iniuriarum
983 2754 1146 2812 remedium
1166 2755 1212 2810 est
1230 2746 1363 2812 obliuio’.
1399 2755 1459 2809 Au-

312 2843 416 2901 dentes
439 2843 560 2900 fertuna
583 2843 675 2901 iuuat.
697 2846 744 2900 etc.
772 2874 808 2882 -
837 2845 887 2916 94,
907 2844 948 2900 43
973 2841 1045 2911 Quis
1063 2841 1220 2916 negaberit
1238 2839 1322 2898 feriri
1340 2841 1459 2915 quibus-

313 2932 380 2989 dam
399 2933 564 3006 praeceptis
589 2931 749 2989 efficaciter
773 2932 863 2988 etiarn
886 2927 1144 3005 imperitissimos?
1173 2929 1258 2987 uelut
1272 2928 1327 2988 ·his
1346 2929 1459 2988 breuis-

313 3021 396 3080 simis
415 3020 546 3093 uocibus,
565 3021 617 3078 sed
637 3020 765 3077 multum
785 3018 965 3077 habentibus
983 3018 1136 3094 ponderis:
1160 3017 1244 3075 Nihil
1262 3017 1360 3077 nimis,

313 3111 432 3167 Auarus
460 3108 577 3167 animus
606 3108 688 3167 nullo
716 3109 844 3166 satiatur
871 3107 964 3168 lucro.
1008 3099 1050 3188 (A
1071 3098 1103 3186 2)
1133 3106 1180 3164 Ab
1209 3107 1268 3166 alio
1297 3111 1457 3183 exspectes,

313 3197 401 3257 alteri
419 3197 498 3273 quod
516 3187 645 3277 feceris.)
1544 3249 1547 3260 .

401 3287 537 3361 quistotc
560 3288 631 3360 108,
651 3287 678 3345 8.
700 3289 732 3346 9:
762 3286 829 3346 Non
856 3286 940 3344 uides
969 3284 1218 3361 quemadmodum
1247 3286 1366 3345 theatra
1394 3305 1460 3347 con-

314 3379 432 3449 sonent,
457 3377 594 3452 quotiens
622 3375 723 3450 aliqua
746 3375 825 3434 dicta
853 3377 935 3447 sunt,
960 3393 1036 3450 quae
1059 3374 1177 3450 publice
1200 3374 1409 3449 adgnoscimus
1428 3379 1459 3434 et

314 3483 458 3524 consensu
477 3485 550 3524 uera
569 3482 634 3523 esse
653 3463 821 3524 testamur?
859 3456 888 3541 (I
909 3456 941 3544 7)
966 3457 1095 3521 ‘Desunt
1117 3463 1236 3538 inopiae
1258 3464 1366 3536 multa,
1390 3483 1458 3523 aua-

314 3553 401 3613 ritiae
419 3547 538 3613 omnia'.
573 3544 652 3634 (15)
672 3546 719 3612 ‘In
736 3554 853 3611 nullum
872 3571 982 3611 auarus
1001 3553 1097 3612 bonus
1117 3555 1170 3625 est,
1190 3552 1222 3609 in
1241 3570 1272 3610 se
1290 3547 1459 3627 pessimus'.

315 3642 353 3702 ad
371 3643 425 3702 hos
445 3661 550 3701 uersus
569 3643 620 3700 ille
640 3642 862 3701 sordidissimus
885 3641 1003 3716 plaudit
1027 3643 1057 3700 et
1080 3641 1162 3699 uitiis
1179 3640 1248 3699 'suis
1272 3640 1337 3700 fieri
1361 3642 1460 3700 conui-

315 3732 392 3791 cium
416 3732 537 3806 gaudet.
562 3775 592 3791 ..
614 3728 634 3806 ἓ
657 3734 695 3789 11
721 3732 815 3805 magis
839 3730 990 3789 feriuntur
1013 3730 1117 3806 animi,
1142 3749 1209 3788 curn
1234 3730 1365 3790 carmina
1385 3731 1459 3790 eius-

315 3821 396 3879 modi
418 3821 497 3879 dicta
521 3824 603 3878 sunt:
633 3812 736 3898 (156)
766 3813 807 3878 ‘Is
830 3820 951 3880 minimo
975 3824 1045 3895 eget
1069 3819 1205 3878 mortalis
1229 3819 1280 3893 qui
1303 3819 1460 3878 minimum

315 3902 417 3985 cupit'
509 3903 604 3978 ‘Quod
623 3909 698 3981 uult,
718 3909 817 3984 habet,
836 3910 888 3984 qui
907 3909 994 3981 uelle,
1013 3909 1092 3984 quod
1111 3907 1184 3966 satis
1203 3911 1258 3983 est,
1276 3902 1397 3983 potest'

405 3997 551 4072 Seneca,
579 3999 723 4072 Dictoque
751 3999 785 4057 dc
808 3999 1015 4071 tranquillitate
1039 3999 1131 4056 animi
1156 4000 1206 4070 11,
1227 3998 1260 4054 8:
1289 3997 1460 4074 Numquam

316 4106 362 4146 me
381 4087 412 4146 in
435 4087 513 4146 bona
532 4080 711 4169 (sententia)
730 4087 801 4145 mali
823 4087 949 4162 pudebit
967 4086 1105 4146 auctoris.
1146 4085 1344 4164 Publilius,
1368 4089 1461 4163 tragi-

316 4177 356 4235 cis
376 4175 553 4252 comicisque
572 4176 777 4235 uehementior
799 4175 940 4250 ingeniis,
967 4175 1105 4251 quotiens
1128 4175 1261 4233 mimicas
1283 4174 1411 4252 ineptias
1431 4182 1461 4235 et

316 4265 409 4324 uerba
435 4265 473 4322 ad
501 4283 648 4324 summam
676 4283 798 4324 caueam
822 4265 989 4339 spectantia
1011 4264 1145 4340 reliquit,
1172 4264 1374 4335 intermulta
1402 4266 1461 4323 alia

317 4354 473 4424 cothurno,
496 4373 556 4412 non
573 4357 692 4413 tautum
711 4353 820 4428 sipario
839 4353 975 4426 fortiora,
1000 4355 1030 4412 et
1052 4354 1108 4412 hoc
1131 4353 1186 4412 ait:
1211 4344 1248 4430 (O
1269 4345 1325 4434 34)
1346 4347 1461 4412 ‘Ouiuis

316 4445 416 4518 potest
434 4442 565 4502 accidere
585 4444 664 4518 quod
683 4443 822 4518 cuiquam
840 4435 963 4517 potest'.
981 4474 1019 4483 -
1039 4444 1183 4516 Dictoque
1202 4443 1241 4501 ud
1261 4444 1410 4502 Marciam
1428 4445 1463 4502 dc
