3352 5138
717 391 887 448 Sententiae.
1332 393 1373 458 37

319 554 490 640 Ignoscere
513 554 767 645 hominumest,
790 555 846 618 ubi
869 555 969 638 pudet
992 555 1043 646 cui
1065 555 1253 640 ignoscitur.
1308 557 1373 622 258

258 679 292 726 30
315 661 354 724 In
377 662 472 745 rebus
496 661 600 756 dubiis
624 660 755 744 plurimi
779 664 827 724 est
842 647 994 747 eudocia.

263 767 266 779 '
316 768 376 832 Illo
399 789 520 860 nocens
544 790 577 832 se
602 767 744 850 damnet,
768 789 830 850 quo
853 771 966 850 peccat
988 767 1047 832 die.
1092 766 1094 772 ’

316 874 367 938 Ita
391 875 482 939 crede
506 875 624 956 amico,
647 896 687 940 ne
701 875 752 938 ‘sit
774 875 905 939 inimico
928 875 1027 966 locus.

316 981 422 1044 lratns
447 975 544 1064 etiem
567 977 692 1080 fucipus
716 981 887 1046 consilium
909 985 1012 1064 putat.

316 1085 445 1150 Inuidia
467 1087 499 1150 id
523 1087 674 1170 loquitur,
698 1087 783 1171 quod
805 1088 894 1152 uidet
916 1111 983 1154 non
1007 1089 1092 1173 quod
1116 1089 1235 1152 subest
1307 1091 1372 1154 263

259 1199 295 1258 H
315 1193 471 1257 Iniuriam
495 1215 588 1257 aures
611 1193 737 1258 facilius
762 1216 859 1278 quem
883 1195 967 1258 oculi
990 1194 1106 1258 ferunt.
1306 1197 1372 1260 265

255 1319 288 1366 36
313 1301 401 1365 Iacet
424 1300 527 1366 omnis
551 1301 670 1383 uirtus,
694 1299 781 1364 fama
804 1301 868 1364 nisi
891 1302 956 1365 late
980 1304 1080 1384 patet.

316 1407 406 1491 Ignis
430 1407 570 1470 calorem
594 1392 687 1470 suum
712 1407 809 1470 etiam
832 1407 867 1470 in
891 1407 975 1486 ferro
999 1411 1109 1472 tenet:

314 1513 352 1576 In
377 1534 493 1576 uenere
518 1535 643 1596 semper
667 1517 769 1577 certat
791 1513 882 1578 dolor
906 1517 938 1578 et
961 1515 1122 1600 gaudium.

315 1620 352 1683 In
377 1641 485 1683 amore
508 1620 615 1684 forme
637 1620 711 1704 plus
735 1621 825 1685 ualet
848 1643 944 1705 quem
967 1622 1153 1686 auctoritas.

252 1743 285 1791 40
309 1720 444 1812 Ingrata
469 1730 544 1790 sunt
568 1727 736 1810 beneficia,
760 1727 875 1812 quibus
900 1749 1007 1792 comes
1031 1732 1080 1792 est
1103 1733 1217 1794 metus.
1304 1731 1368 1793 270

315 1833 495 1918 Inprudens
519 1837 640 1916 peccat,
664 1856 758 1917 quem
781 1834 908 1917 peccati
930 1835 1085 1917 paenitet

315 1939 436 2004 Inertis
459 1939 635 2023 indicatur,
659 1962 731 2004 cum
755 1940 880 2024 fugitur
902 1940 1003 2006 labor.

312 2046 418 2112 Iratus
442 2069 514 2111 cum
539 2047 578 2111 ed
604 2069 638 2111 se
661 2047 757 2112 rediit
780 2047 844 2112 sibi
867 2051 936 2112 tum
960 2049 1118 2114 irascitur.

218 2193 282 2200 ›—

226 2283 259 2330 27
280 2276 442 2331 celemitoro
461 2276 489 2330 R
526 2275 611 2330 etium
630 2275 744 2330 risusO
815 2281 848 2330 28
875 2275 897 2328 O
924 2281 969 2344 19,
994 2281 1016 2330 1.
1046 2276 1080 2328 H
1113 2277 1339 2334 damnaturusO

223 2364 273 2418 ubi
289 2365 323 2419 0:
344 2382 407 2419 cum
426 2367 518 2432 ceteri3
537 2381 639 2419 nocens
659 2381 723 2418 cum
737 2364 772 2431 A,
796 2364 853 2417 iud.
868 2363 960 2420 domn.
976 2381 1031 2432 quo
1047 2364 1092 2419 die
1106 2370 1205 2433 peccet
1225 2369 1262 2435 Z;
1282 2370 1316 2435 cs.
1337 2375 1369 2422 31

293 2461 327 2508 29
346 2454 499 2509 humanum
519 2453 638 2522 SIue.,-
660 2452 766 2506 humile
784 2451 918 2520 Ribbeck,
947 2452 1010 2507 odio
1034 2453 1181 2508 Buecheler
1216 2455 1266 2511 ubi
1291 2458 1369 2512 Iuc:

223 2543 278 2604 nisi
297 2543 376 2597 ceteri
412 2541 457 2596 cni
475 2559 526 2597 om.
546 2541 576 2595 F
603 2540 669 2595 ‘nisi
687 2541 775 2611 pudet
793 2540 852 2595 eius
878 2541 934 2595 cui’
961 2540 1077 2612 Speupel
1100 2543 1298 2612 interpretatur

224 2639 258 2686 30
277 2631 391 2702 plurimi
415 2631 564 2686 Erasmus:
593 2629 714 2700 plurime
738 2631 814 2684 codd.
852 2629 966 2684 audatia
989 2630 1020 2683 F
1089 2636 1122 2684 31
1151 2632 1192 2686 Ilo
1211 2649 1314 2688 nocens
1332 2635 1369 2702 R,
1475 2686 1478 2692 .

224 2722 359 2777 innocens
378 2722 438 2789 (om.
459 2721 520 2789 uro)
541 2719 588 2774 os
625 2720 761 2789 dampnes
775 2720 806 2772 r
840 2719 916 2786 quor
931 2719 990 2773 Pe
1027 2718 1076 2773 osu
1089 2721 1116 2773 Β
1189 2728 1223 2775 32
1242 2721 1288 2776 rra
1302 2705 1387 2777 oeuo'

224 2810 246 2863 S
282 2811 364 2864 credo
386 2809 439 2877 Pb,
459 2810 556 2864 credes
575 2809 606 2862 F
639 2811 724 2863 utne
743 2808 830 2862 Bothe
866 2807 949 2863 imico
969 2808 1027 2876 Pb,
1051 2809 1142 2864 emico
1161 2811 1188 2862 B
1208 2818 1277 2864 m.1
1315 2812 1368 2867 loc.

223 2898 299 2952 inim.
313 2899 340 2951 Z
409 2904 443 2952 33
462 2899 515 2952 suc.
531 2900 567 2952 et.
581 2898 701 2953 Ribbeck
773 2903 807 2951 34
822 2897 856 2950 H
888 2897 918 2950 id
932 2913 982 2952 om.
998 2898 1032 2952 H
1063 2898 1189 2968 loquitur
1202 2901 1278 2968 qnod
1292 2899 1371 2956 uidet
1465 2901 1467 2905 ’

224 2988 266 3042 H:
287 2987 361 3057 quod
381 2987 459 3041 uidet
477 2986 602 3056 loquitur
620 2987 651 3042 F
669 2989 714 3057 (σ),
733 2987 858 3056 loquitur
876 2989 936 3054 (oue.
957 3004 982 3056 q.
1002 2991 1040 3057 u.)
1062 2988 1185 3042 PRBA
1205 2990 1289 3057 (beru.
1306 2993 1371 3060 704)

259 3062 388 3146 coquitur
406 3077 526 3132 Ribbeck
561 3077 669 3131 inuidia
696 3077 822 3145 loquitur
845 3092 901 3131 non
928 3077 1002 3146 quod
1026 3079 1068 3132 est
1095 3077 1144 3131 sed
1174 3078 1249 3146 quod
1275 3079 1370 3134 subest

224 3167 375 3221 Fabricius
395 3183 439 3221 uo.
459 3173 510 3221 408
529 3183 562 3219 ee
581 3167 638 3220 eod.
672 3171 736 3235 post
754 3171 789 3220 34
808 3167 871 3220 adet.
892 3172 926 3220 63
946 3166 1083 3220 Erasmus

295 3259 325 3308 Π
341 3256 431 3308 habu:
459 3255 512 3323 (H)
537 3261 577 3310 19.
602 3261 643 3309 21.
668 3260 710 3308 35.
735 3261 777 3309 36.
803 3260 827 3310 5.
853 3262 876 3308 7.
897 3260 921 3311 9.
948 3260 987 3310 10.
1014 3261 1054 3310 12.
1076 3261 1118 3310 37.
1138 3262 1180 3310 38.
1200 3261 1242 3310 39.
1263 3261 1305 3311 34.
1325 3262 1368 3312 25.

224 3350 265 3398 40.
288 3350 328 3398 18.
347 3348 390 3398 41.
410 3349 523 3396 43-46.
543 3349 568 3396 4.
588 3349 701 3397 47-50.
722 3350 746 3397 6.
768 3350 808 3398 11.
829 3349 870 3396 51.
893 3348 933 3396 15.
954 3348 995 3396 52.
1018 3350 1058 3398 17.
1079 3349 1120 3397 53.
1141 3349 1182 3397 54.
1202 3350 1244 3399 22.
1265 3351 1308 3398 24.
1327 3352 1368 3401 42.

225 3437 337 3488 ss-cs.
358 3438 392 3486 ee
421 3438 463 3487 eo.
483 3437 517 3486 es
537 3435 597 3500 (om.
621 3437 664 3485 se.
688 3433 734 3498 er)
775 3434 805 3484 Ψ
826 3434 870 3501 (ee
888 3434 930 3498 rr)
956 3433 1049 3486 naeu:
1078 3431 1109 3484 F
1131 3437 1171 3485 19.
1201 3438 1314 3487 ers-re.
1344 3440 1386 3491 4..

217 3510 328 3576 'rr-cr
403 3538 436 3575 επ
456 3523 486 3574 Ψ
520 3521 599 3574 eabe
616 3532 652 3590 q:
673 3525 786 3575 ss-se.
811 3526 853 3576 41.
879 3525 993 3574 43-45.
1019 3525 1044 3574 4.
1064 3525 1106 3576 53.
1127 3526 1241 3576 ss-se.
1261 3529 1302 3579 er.
1321 3529 1369 3590 su

224 3612 304 3666 Burt.
324 3611 435 3679 eosdem,
453 3611 500 3664 sed
517 3625 568 3664 em.
588 3616 622 3663 44
695 3614 729 3664 35
748 3622 780 3678 ψ,
803 3610 885 3664 Burt.
921 3609 1087 3664 iniuriarum
1102 3610 1137 3662 H
1169 3609 1222 3665 fec.
1243 3630 1269 3680 q.
1289 3624 1368 3680 ocu

224 3702 316 3755 Iuebs
345 3705 445 3769 quaest.
474 3703 548 3752 metr.
579 3699 687 3753 Plautz
716 3717 743 3767 q.
772 3715 795 3753 ο.
820 3699 873 3756 fec.
911 3699 977 3752 HF
1047 3705 1081 3753 36
1106 3719 1124 3751 α
1144 3704 1190 3753 ter.
1210 3711 1233 3768 ψ
1252 3700 1332 3754 Burt.

225 3790 297 3843 ieme
316 3789 348 3842 H
381 3787 437 3842 nisi
459 3787 536 3842 famu
557 3805 576 3840 α
595 3791 684 3855 terp
722 3787 801 3856 petet
825 3787 867 3840 Hs
893 3787 991 3856 petent
1009 3786 1045 3843 F.
1070 3807 1087 3840 α
1112 3792 1158 3841 ter.
1189 3800 1210 3856 ψ
1283 3794 1367 3857 3‘1u.

223 3879 303 3932 Burt.
341 3882 392 3932 cel.
412 3895 433 3933 s.
449 3879 485 3931 et.
501 3876 628 3945 Speupel:
647 3894 667 3930 s.
683 3892 705 3928 c.
718 3877 753 3928 et.
766 3875 807 3941 H,
827 3877 862 3930 et.
883 3893 903 3929 s.
919 3893 941 3932 c.
958 3876 999 3942 F;
1019 3876 1056 3946 ig.
1072 3876 1144 3930 etin
1159 3875 1230 3930 ferro
1250 3894 1270 3930 s.
1288 3893 1311 3930 c.
1326 3893 1366 3930 re-

223 3966 296 4021 tinet
322 3979 345 4035 u
391 3973 425 4022 38
444 3979 475 4035 ψ.
503 3967 584 4021 Burt.
640 3981 741 4040 uenere
761 3965 874 4020 Gruter:
905 3981 1037 4020 uenerem
1064 3964 1155 4032 Hqu
1203 3966 1311 4019 certent
1337 3977 1368 4034 ψ.

224 4056 351 4110 Ribbeck.
371 4056 487 4125 Speupel
532 4054 626 4109 odium
649 4065 672 4123 ψ
695 4055 786 4123 (Burt.
806 4055 882 4109 codd.
902 4054 979 4122 odio,
1003 4055 1062 4110 edd.
1085 4053 1180 4124 duolo)
1262 4060 1295 4109 33
1315 4075 1331 4108 κ

224 4160 348 4199 umorem
367 4144 397 4197 F
431 4144 495 4213 plus
513 4144 569 4198 uel.
588 4141 606 4197 f.
623 4163 640 4196 u
712 4148 777 4197 4οσ
812 4142 987 4210 quisGruter
1024 4141 1125 4212 quibus
1139 4159 1250 4212 semper
1267 4159 1369 4198 como

295 4239 328 4286 41
343 4244 375 4302 ψ.
390 4233 470 4288 Burt.
508 4233 588 4303 impr.
605 4231 636 4286 F
670 4249 766 4301 quem:
781 4233 889 4286 cumH
920 4232 1032 4303 peccati
1047 4233 1170 4302 Speupel,
1184 4231 1253 4286 fello
1267 4233 1368 4288 Borio-

223 4324 347 4378 lommuee'
369 4323 458 4378 cedde
487 4321 556 4377 fecti
579 4321 670 4391 HFu
747 4327 781 4375 42
806 4339 821 4375 σ
845 4325 919 4390 (oute
943 4322 1038 4391 5511)
1074 4319 1214 4376 iudicetur
1232 4322 1275 4392 H,
1305 4340 1368 4377 cum

224 4412 424 4467 iudicaturFo
461 4411 640 4468 confunditur
653 4411 764 4466 laboro
836 4416 870 4464 43
886 4413 910 4463 Φ
925 4417 948 4477 7,
965 4416 989 4464 3.
1005 4422 1034 4479 ψ.
1050 4410 1131 4465 Burt.
1164 4409 1249 4464 rediit
1262 4410 1368 4466 Remi:

223 4502 298 4559 redit
316 4502 408 4572 HFp
445 4503 511 4556 tunc
530 4500 626 4571 sibiu
663 4499 813 4556 iracundus
833 4516 896 4554 cum
914 4499 999 4556 irasci
1017 4499 1133 4556 desierit
1150 4500 1217 4556 tuuc
1238 4499 1369 4554 irescItur
