3352 5138
700 327 742 381 De
760 325 899 418 prioribus
920 327 1097 385 editionibus.
1146 355 1148 360 .

637 541 691 606 De
719 543 960 610 editionibus
987 543 1160 608 Publilii.

413 705 524 769 Prima
542 707 648 768 aetate
665 699 761 790 (saec.
775 702 845 768 XV.
864 741 902 750 -
919 704 986 769 Ino.
1004 741 1039 750 -
1059 707 1091 768 et
1110 725 1190 768 saec.
1204 701 1304 786 XVI.)
1325 703 1473 776 collectio

325 816 358 875 Σ
380 811 567 896 saepissime
590 811 677 893 typis
709 791 913 894 uulgabaturi
959 809 1105 874 Primum
1129 811 1158 874 ei
1186 811 1378 893 inscriptum
1403 815 1497 874 erat<

325 918 555 982 ‘Prouerbia
589 913 754 980 Senecae
788 915 962 980 secundum
995 917 1140 981 ordinem
1174 915 1370 1001 alphabeti'3
1402 919 1472 980 tum

324 1026 508 1090 Erasmus
533 1021 687 1107 (Londini
711 1045 737 1087 a.
756 1019 855 1108 1514)
881 1045 918 1086 cx
942 1022 1045 1088 Gellio
1069 1045 1188 1088 nomen
1213 1023 1319 1087 Publii
1343 1021 1416 1108 Syri
1440 1026 1474 1086 et

324 1154 444 1216 paucos
467 1153 579 1196 uersus
603 1128 734 1212 addidit,
757 1152 877 1194 nomen
897 1128 1037 1195 Senecae
1060 1133 1093 1194 et
1111 1131 1288 1194 sententias
1307 1130 1473 1212 prosaicae

248 1290 252 1299 .
324 1239 455 1322 abiecit3
486 1237 600 1302 deinde
627 1235 726 1301 Henr.
746 1237 989 1302 Penthaleon
1021 1235 1169 1322 (Catonis
1200 1237 1340 1301 disticha
1369 1258 1474 1300 mora·

324 1347 371 1410 lia
394 1350 452 1411 etc.
476 1345 625 1410 Basileus
646 1366 673 1408 a.
691 1341 790 1428 1544)
815 1345 991 1408 sententias
1015 1345 1179 1426 prosaicae
1203 1344 1320 1408 iterum
1345 1343 1475 1408 adiecit.

325 1451 400 1536 Ipse
424 1456 456 1514 et
479 1451 683 1516 Fabricius
713 1450 761 1538 (in
784 1451 967 1536 Elegantiis
991 1471 1008 1514 e
1031 1449 1148 1514 Plauto
1172 1472 1210 1514 ac
1234 1449 1384 1514 Terentio
1408 1451 1474 1514 col-

324 1557 430 1642 lectis)
463 1580 583 1641 paucos
616 1580 729 1622 uersus
765 1581 782 1623 e
814 1557 977 1622 codicibus
1011 1557 1237 1640 emendarunt,
1273 1579 1394 1640 paucos
1432 1558 1473 1620 ab

324 1665 461 1729 Erasmo
494 1665 632 1730 omissos
666 1665 906 1750 suppleuerunt.
952 1664 1169 1748 Panthaleon,
1199 1663 1379 1744 Fabricius,
1411 1662 1473 1727 Pi-

323 1772 462 1836 thoeus
492 1769 754 1856 (Epigrammata
782 1775 814 1835 et
842 1770 1006 1855 poematia
1029 1773 1140 1834 uetera
1164 1793 1190 1834 a.
1218 1767 1317 1856 1590)
1347 1774 1474 1834 senten-

325 1877 387 1940 tias
411 1877 590 1961 pedestreS,
619 1901 698 1962 quas
726 1878 916 1942 commixtas
941 1899 1012 1942 cum
1036 1875 1186 1940 uersibus
1210 1875 1402 1941 Publilianis
1426 1877 1473 1940 in-

324 1986 496 2067 uenerunt,
525 1984 560 2048 in
591 1984 730 2050 formam
762 2006 913 2050 uersuum
948 1985 1091 2070 redigere
1124 1987 1157 2048 et
1187 2006 1247 2068 pro
1280 1983 1474 2050 Publilianis

327 2090 446 2154 habere
470 2095 655 2176 coeperunt.

415 2194 533 2262 Codice
556 2197 755 2284 Frisingensi
780 2195 844 2286 (F)
874 2198 1076 2264 collectionis
1104 2201 1141 2261 Ψ
1161 2197 1296 2262 inuento
1326 2202 1397 2262 orta
1425 2203 1475 2263 est

326 2303 502 2368 editionum
516 2304 776 2370 Publilianarum
800 2309 889 2370 aetas
913 2305 1023 2370 altera.
1070 2304 1172 2368 Tomo
1197 2304 1336 2368 secundo
1356 2305 1474 2370 Mureti

327 2409 511 2476 orationum
535 2463 563 2478 ..
588 2411 784 2497 Ingolstadii
808 2435 835 2478 a.
862 2411 947 2477 1600
976 2413 1061 2476 edito
1089 2411 1214 2475 addidit
1235 2411 1398 2493 professor
1420 2412 1472 2476 ln·

327 2519 571 2602 golstadiensis,
607 2542 702 2604 quem
732 2517 886 2584 Iacobum
915 2519 1137 2584 Gretserum
1166 2517 1266 2580 fuisse
1294 2519 1375 2582 mihi
1402 2542 1473 2602 per-

327 2647 458 2690 suasum
491 2630 554 2710 est,
591 2626 725 2690 Publilii
762 2649 875 2691 uersus
909 2648 947 2690 ex
981 2625 1088 2690 codice
1120 2623 1321 2708 Frisingensi
1354 2630 1474 2691 auctos.

254 2751 257 2764 ·
324 2730 447 2794 Deinde
479 2731 579 2797 Ianus
610 2732 752 2797 Gruter
781 2756 807 2797 a.
834 2733 919 2798 1604
947 2733 1046 2797 edidit
1079 2731 1130 2796 ‘R
1155 2721 1227 2814 Syri
1256 2733 1345 2795 mimi
1374 2754 1410 2797 ac
1439 2732 1473 2797 L.

330 2837 454 2900 Annaei
487 2835 626 2904 Senecae
663 2839 774 2904 forsan
812 2842 844 2903 ct
881 2839 1018 2903 aliorum
1055 2838 1232 2902 sententias
1267 2839 1446 2923 singulares
1455 2839 1473 2904 ³.

327 2942 529 3028 Quamquam
553 2945 693 3009 codicem
717 2944 1023 3030 Heidelbergensem
1044 2942 1113 3032 (H)
1137 2945 1337 3010 collectionis
1356 2951 1399 3029 Π,
1423 2967 1473 3010 co-

327 3050 429 3114 dicem
463 3048 704 3134 Frisingensem
734 3048 797 3138 (F)
827 3052 1027 3116 collectionis
1061 3056 1107 3133 Ψ,
1143 3052 1316 3116 nonnullos
1349 3052 1473 3116 codices

327 3155 528 3222 collectionis
553 3160 587 3220 Σ
608 3160 681 3221 ante
713 3159 823 3222 oculos
846 3159 1017 3242 habuerat,
1045 3161 1155 3223 tamen
1179 3182 1260 3244 quae
1284 3159 1366 3223 ratio
1391 3159 1474 3224 inter

327 3263 434 3328 uarias
459 3263 666 3328 collectiones
690 3264 903 3329 intercederet
921 3287 987 3330 rron
1006 3266 1178 3348 perspexit,
1202 3265 1258 3329 sed
1278 3265 1364 3348 quod
1383 3263 1473 3328 Gret·

327 3393 417 3435 serus
440 3371 561 3435 fecerat
584 3393 695 3435 omnes
726 3373 904 3436 sententias
933 3371 1044 3436 ordine
1074 3372 1276 3454 alphabetico
1304 3372 1473 3454 disposuit3

326 3481 396 3540 tum
425 3481 458 3540 et
485 3477 555 3560 ipse
584 3477 739 3559 plurimas
768 3479 945 3542 sententias
979 3479 1142 3562 prosaioas
1173 3479 1207 3542 in
1234 3500 1384 3543 uersuum
1412 3477 1473 3540 for-

327 3605 414 3648 mam
436 3583 569 3669 redegit.
615 3582 677 3659 Qui
700 3585 836 3649 saeculis
865 3584 977 3667 XVII,
1000 3583 1130 3667 XVIII,
1154 3584 1241 3650 XIX.
1265 3585 1365 3650 secuti
1390 3587 1473 3668 sunt,

327 3690 383 3753 alii
414 3690 538 3754 codices
568 3691 766 3755 collectionis
796 3694 830 3753 Σ
857 3691 1077 3774 inspexerunt,
1108 3695 1144 3754 ut
1174 3691 1390 3774 Bentleius,
1420 3692 1473 3775 qui

327 3797 438 3880 paucis
457 3797 605 3862 uersibus
625 3798 802 3862 emendatis
816 3799 986 3882 plerosque
1005 3820 1118 3863 uersus
1138 3797 1336 3861 collectionis
1352 3802 1389 3861 H
1401 3795 1472 3884 (Ψ)

327 3903 476 3986 proprios
501 3903 680 3988 damnauit,
711 3904 766 3968 alii
790 3927 886 3990 quam
910 3905 1066 3989 plurimos
1090 3925 1202 3968 uersus
1226 3924 1399 3988 congerere
1424 3926 1472 3968 co·

327 4009 397 4072 nati
421 4012 506 4092 sunt,
528 4013 565 4072 ut
588 4009 729 4094 Bothe,
753 4012 807 4095 qui
827 4009 876 4096 (in
894 4010 1003 4076 Poetis
1023 4010 1156 4074 scenicis
1175 4005 1302 4096 latinis)
1326 4011 1419 4094 1020,
1443 4013 1473 4074 et

328 4113 437 4180 Ourti
456 4114 584 4198 (Publio
600 4113 681 4181 Siro.
699 4116 821 4182 Milano
840 4115 948 4202 1872),
963 4117 1018 4201 qui
1036 4116 1119 4180 1359
1135 4125 1247 4180 uersus
1262 4117 1473 4182 coaceruauit.

349 4226 353 4230 ’
418 4222 528 4286 Tertia
551 4227 641 4288 aetas
665 4223 841 4288 editionum
865 4223 996 4287 Publilii
1019 4223 1140 4305 incepit
1163 4223 1204 4287 ab
1227 4221 1291 4286 Ed.
1311 4222 1473 4288 Woelff-

327 4331 423 4408 lino,
453 4329 507 4413 qui
531 4331 620 4394 etin
643 4329 806 4414 Philologi
834 4329 899 4394 uol.
923 4331 965 4393 22
990 4326 1106 4416 (1865)
1130 4353 1160 4414 p.
1184 4330 1361 4396 437-468
1386 4331 1473 4395 etin

331 4437 568 4522 prolegomenis
602 4437 753 4502 editionis
781 4434 953 4522 (Teubner.
980 4433 1079 4522 1869)
1109 4437 1147 4500 de
1179 4438 1249 4502 uita
1281 4441 1314 4502 ct
1345 4437 1473 4502 nomine
