3352 5138
331 357 373 421 32
804 355 920 411 enum
939 356 1002 426 Syri

369 520 396 586 0
418 524 439 602 †
461 520 667 588 Facilitatem
689 521 724 586 in
747 521 854 586 dubiis
877 520 982 586 uirtus
1004 521 1151 606 imperat.

364 645 398 694 33
422 627 553 694 Falsum
579 629 675 694 etiam
699 633 750 695 est
773 650 893 714 uerum,
917 627 1002 713 quod
1026 627 1195 694 constituit
1218 627 1372 733 superior.

364 829 398 888 Σ
419 821 527 890 Graue
550 825 783 910 praeiudicium
807 828 867 910 est,
889 823 974 909 quod
996 823 1149 890 iudicium
1172 843 1240 888 non
1262 822 1371 888 habet.

419 930 620 998 Grauissima
643 935 693 998 est
715 932 811 1016 probi
834 931 977 997 hominis
1000 931 1176 996 iracundia.
1195 1002 1198 1010 ¹
1416 931 1489 996 195

419 1037 536 1104 Grauis
560 1039 661 1104 animi
684 1061 790 1123 poena
813 1041 872 1124 est,
896 1060 991 1123 quem
1014 1043 1091 1122 post
1114 1037 1192 1104 facti
1215 1038 1370 1123 poenitet

419 1144 537 1211 Grauis
562 1147 690 1211 animus
714 1143 845 1212 dubiam
867 1145 1056 1212 nonhabet
1079 1145 1284 1211 sententiam.

375 1269 390 1317 5
416 1252 555 1320 Grauius
578 1255 701 1319 malum
725 1275 819 1320 omne
842 1257 901 1340 est,
925 1253 1011 1339 quod
1034 1253 1094 1318 sub
1118 1256 1251 1338 aspectu
1274 1253 1366 1318 latet.

419 1360 558 1426 Grauius
582 1365 686 1446 nocet,
709 1361 931 1446 quodcumque
955 1360 1156 1445 inexpertum
1180 1361 1306 1428 accidit.

419 1467 535 1533 Grauis
559 1470 609 1532 est
631 1467 781 1532 inimicus
804 1468 841 1550 is,
865 1467 920 1552 qui
943 1467 1025 1532 latet
1046 1453 1087 1531 in¹
1103 1471 1243 1552 pectore.
1413 1465 1484 1531 200

378 1619 382 1624 -
420 1573 658 1640 Grauissimum
678 1575 731 1639 'est
753 1573 923 1658 imperium
947 1574 1197 1640 consuetudinis.

380 1697 395 1745 9
420 1680 526 1747 Graue
549 1682 672 1747 crimen
695 1681 794 1746 etiam
817 1681 932 1746 leuiter
955 1703 1028 1747 cum
1052 1685 1102 1771 est
1124 1681 1245 1747 dietum
1268 1684 1372 1747 nocet.
1413 1681 1482 1746 202
1563 1731 1566 1736 .

368 1790 400 1854 Ζ
421 1787 528 1854 Graue
551 1793 602 1854 est
625 1788 709 1873 quod
732 1787 838 1852 fronte
861 1789 947 1853 l'aeta
971 1788 1026 1854 des
1049 1789 1137 1854 tristi
1160 1789 1270 1874 accipi.
1413 1788 1481 1853 666

727 1895 860 1960 Publilii
881 1893 942 1962 es'se
963 1897 1087 1962 uidetur

373 2027 399 2088 φ
423 2001 576 2070 Geminat
598 2005 774 2088 peccatum,
798 2024 894 2086 quem
917 2003 1027 2069 delicti
1049 2025 1117 2069 non
1139 2003 1247 2088 pudet.

404 2251 523 2306 Oleabet
541 2266 637 2306 uersus
656 2257 680 2305 9.
701 2256 743 2305 14.
764 2257 807 2306 32.
826 2257 861 2306 33
938 2258 972 2306 32
994 2251 1016 2306 O
1035 2259 1096 2320 5,2
1119 2250 1261 2308 Felicitati
1284 2249 1314 2304 in
1337 2251 1363 2305 d.
1382 2250 1480 2306 Virtus

287 2327 290 2333 ¹
333 2338 454 2410 imperat
471 2340 515 2394 uei
559 2339 592 2393 In
614 2340 640 2394 d.
660 2339 827 2394 facilitatem
845 2359 871 2394 u.
890 2339 1026 2410 impetrat
1045 2343 1156 2412 Meyer,
1182 2339 1359 2396 Felicitatem
1380 2339 1480 2396 ..im-

329 2431 424 2500 petrat
441 2429 581 2483 Baehrens
653 2435 687 2483 33
709 2428 731 2483 0
750 2435 829 2500 24,2
947 2489 952 2494 ,

402 2517 893 2587 u(PRRA)aabetuersus1-c
941 2535 975 2574 eie
993 2519 1116 2574 2:01.
1137 2526 1161 2576 2.
1180 2525 1205 2577 4.
1226 2527 1250 2576 3.
1270 2523 1295 2574 8.
1316 2525 1339 2574 5.
1361 2526 1385 2574 7.
1404 2525 1428 2573 9.
1449 2524 1479 2586 6;

331 2609 395 2664 ce.
416 2615 440 2664 1.
459 2613 484 2664 4.
504 2614 528 2661 s.
548 2592 726 2673 c-c';Z‘1.
746 2613 770 2661 2.
795 2613 820 2661 4.
840 2615 864 2664 s.
889 2613 913 2662 e.
934 2614 958 2663 s.
984 2613 1009 2662 9.
1031 2615 1058 2674 1;
1088 2609 1297 2679 emmaum
1330 2613 1397 2662 1-c

334 2698 487 2764 1019,1
526 2696 613 2765 quod:
631 2713 683 2766 pro
701 2696 729 2750 R
766 2698 848 2752 eauet
865 2696 981 2767 Speuyei
1017 2715 1043 2752 n.
1061 2697 1090 2751 h.
1106 2697 1162 2752 iud.
1180 2698 1207 2750 Z
1276 2695 1435 2767 aimp'rcbi
1453 2697 1480 2749 Z

366 2784 578 2841 uerecundiaO
648 2785 712 2838 32*
746 2784 846 2840 animi:
866 2783 929 2839 simi
947 2785 975 2839 A
1011 2787 1076 2856 post
1093 2789 1135 2857 (p)
1153 2803 1223 2842 eras.
1240 2787 1272 2842 in
1290 2787 1321 2840 F
1355 2786 1424 2842 facti
1442 2803 1475 2840 m.

333 2883 346 2930 1
375 2877 407 2930 in
434 2891 489 2930 ras.
509 2874 546 2942 F,
573 2873 680 2929 factum
708 2873 731 2928 S
768 2875 866 2942 potest
887 2874 956 2929 fecti
982 2875 1109 2944 penitere
1133 2876 1157 2931 0
1190 2875 1299 2946 penitet
1318 2875 1347 2930 P
1385 2874 1478 2946 grauis

330 2981 420 3036 poena
439 2966 482 3018 est
500 2963 663 3033 poenitenti.
688 2962 766 3017 cuius
785 2963 862 3032 (cui’)
885 2965 950 3033 post
969 2963 1075 3018 sactum
1094 2963 1253 3020 cruciantur
1273 2963 1360 3020 animi
1382 2965 1407 3018 Τ

331 3054 402 3108 4Η
470 3052 540 3107 cH
564 3069 605 3121 gr.
630 3069 666 3104 m.
690 3067 714 3106 ο.
739 3051 781 3105 est
804 3049 918 3106 Gruter:
946 3069 986 3122 gr.
1005 3071 1042 3107 m.
1063 3069 1085 3108 e.
1106 3069 1130 3110 ο.
1150 3053 1226 3124 HF,
1253 3071 1294 3125 gr.
1314 3070 1337 3108 e.
1357 3071 1393 3108 m.
1413 3052 1480 3108 0.P

333 3142 466 3213 (maleum
487 3137 544 3209 Pb)
561 3139 669 3206 BRA,
692 3157 733 3209 gr.
753 3155 777 3195 e.
797 3155 821 3195 o.
840 3157 878 3194 m.
897 3139 962 3210 SZ,
990 3139 1118 3211 grauinst
1144 3161 1181 3197 m.
1205 3159 1230 3198 ο.
1255 3142 1371 3212 Spenpel
1406 3141 1475 3196 ruba

331 3233 430 3302 speetu
443 3231 471 3284 R
507 3247 548 3300 gr.
564 3245 586 3285 e.
601 3247 638 3283 m.
654 3245 736 3284 omne
750 3244 867 3284 amoeno
882 3222 993 3298 quode.
1004 3248 1029 3286 a.
1039 3231 1058 3286 l.
1073 3231 1193 3287 Ribbeck
1266 3238 1282 3286 6
1296 3233 1393 3287 nocet=
1408 3231 1477 3286 latet

331 3322 354 3378 S
426 3328 441 3375 7
461 3320 495 3375 H
500 3319 534 3386 T;
553 3320 603 3374 del.
621 3319 765 3388 Woelfflin
800 3318 895 3388 grauis
909 3320 982 3375 HT:
1002 3321 1115 3391 grauius
1134 3322 1200 3389 PR,
1220 3321 1333 3393 grauior
1347 3322 1391 3375 Ρ*
1409 3337 1475 3376 corr.

331 3409 462 3477 ABFO,
481 3407 704 3479 grauissimusS
739 3408 763 3462 is
787 3408 836 3478 qui
853 3408 913 3462 BA
935 3407 980 3463 his
999 3409 1048 3478 qui
1069 3409 1112 3463 Pb
1137 3411 1159 3480 (l
1184 3411 1233 3480 qui
1254 3411 1322 3480 P⁵):
1350 3409 1399 3479 qui
1417 3407 1477 3463 HR

332 3499 427 3567 Fas,
447 3498 470 3552 si
489 3498 537 3566 qui
551 3497 672 3552 Ribbeck
707 3497 750 3552 in:
770 3499 821 3553 sub
840 3499 977 3554 Erasmus
1017 3499 1112 3570 grauis
1138 3502 1182 3554 est
1209 3499 1354 3570 scrupulus
1384 3497 1473 3553 deliti-

332 3604 420 3643 scens.
443 3586 551 3641 inuisus
569 3587 600 3641 in
622 3588 737 3656 pectore
758 3586 796 3654 T;
824 3587 937 3656 grauior
960 3589 1003 3643 est
1025 3588 1062 3643 in.
1088 3588 1139 3657 qui
1163 3590 1277 3658 pectore
1300 3589 1477 3656 latet'quam

332 3675 381 3744 qui
399 3675 470 3731 facie
488 3677 570 3745 patet
589 3676 616 3728 Z
686 3675 755 3730 8H
793 3694 834 3746 gr.
850 3677 918 3746 imp.
931 3677 975 3732 est
997 3676 1212 3732 consuetudines
1233 3677 1268 3731 H
1341 3683 1357 3731 9
1394 3677 1477 3731 etiam

333 3783 397 3820 cum
413 3767 456 3821 est
470 3765 525 3820 len.
537 3764 566 3834 0,
582 3767 611 3820 et
624 3764 726 3819 leuiter
741 3764 768 3823 d.
784 3764 822 3820 sit
836 3766 858 3820 S
863 3788 869 3833 3
889 3783 960 3820 cum.
976 3764 1030 3821 leu.
1043 3767 1069 3819 Z
1103 3766 1211 3822 dictum
1226 3768 1269 3822 est
1283 3767 1372 3836 (Vct.)
1385 3766 1476 3820 Beati.

404 3858 434 3909 Π
456 3855 512 3924 (H)
535 3855 614 3908 tutet
637 3860 661 3910 7.
686 3860 711 3910 8.
729 3873 755 3910 x.
775 3860 800 3911 4.
820 3860 836 3908 5
903 3860 969 3925 post
992 3861 1008 3909 9
1031 3856 1110 3910 habet
1133 3856 1176 3910 H:
1205 3855 1331 3911 Gemitus
1354 3855 1476 3910 dolorem

333 3944 423 4014 magis
443 3942 583 4013 significat
601 3959 685 4010 quem
704 3942 843 4012 uindicat3
862 3944 927 3999 inde
946 3945 999 4014 (no.
1017 3949 1067 3998 148
1086 3945 1243 4001 intersevit.
1262 3946 1334 4012 falso
1353 3950 1476 4014 receptas,

339 4033 494 4100 Woelfflin)
532 4029 659 4086 Gemitus
678 4032 789 4087 dolores
812 4032 931 4104 indicat,
958 4051 1015 4089 non
1040 4033 1167 4088 uindicat
1185 4033 1294 4088 Gruter.
1333 4033 1401 4088 Cam
1423 4049 1477 4087 seu

333 4123 420 4176 tentia
437 4136 493 4175 nou
511 4121 548 4174 sit
565 4121 597 4176 in
615 4123 704 4177 codiee
723 4121 766 4190 F,
789 4139 846 4177 non
870 4124 957 4190 fuisse
974 4123 1086 4178 uidetw
1108 4124 1140 4178 in
1158 4125 1200 4194 H,
1218 4124 1265 4178 sed
1282 4123 1354 4191 faico
1377 4123 1477 4177 inserta

332 4212 421 4266 codici
438 4211 476 4264 H.
917 4236 919 4241 ¹
1003 4225 1005 4230 ·

405 4301 432 4353 Ζ
452 4299 504 4369 (Τ)
527 4299 606 4354 habet
629 4306 654 4355 3.
675 4306 698 4353 7.
721 4305 753 4354 10
836 4306 869 4355 10
893 4301 936 4354 est
958 4298 1033 4353 enim
1056 4298 1132 4368 quod
1155 4300 1181 4354 Τ
1202 4301 1311 4359 dederis
1334 4301 1415 4356 triste
1438 4317 1476 4356 re·
1514 4295 1518 4309 *

333 4391 425 4460 cipere
440 4387 472 4456 Τ,
490 4404 559 4444 corr.
582 4388 667 4444 Orelli
685 4390 758 4458 (das)
832 4395 863 4443 11
885 4409 906 4457 φ
927 4392 959 4442 81
980 4389 1034 4457 (no.
1056 4394 1105 4444 141
1124 4391 1197 4458 saiso
1215 4407 1266 4446 ree.
1289 4391 1444 4460 Woelfflin)

333 4477 460 4550 geminat
477 4477 611 4533 delictum
629 4479 717 4534 Bothe
