3352 5138
635 346 782 401 collectio:
803 347 925 402 Senecae
944 351 977 401 Σ.
1364 348 1381 410 7

235 503 404 594 leguntur,
427 509 487 574 hos
512 509 637 574 codices
657 511 773 574 docent
792 533 860 575 non
879 512 964 575 reete
983 511 1082 596 uulgo
1102 512 1265 575 contemni
1289 515 1384 596 atque

235 639 302 680 non
318 639 355 680 ex
369 616 472 680 PRB
478 616 508 680 A
514 667 523 699 ,
543 616 598 680 sed
618 639 656 680 ex
672 618 735 682 alio
755 618 863 682 codiee
879 618 1013 702 antiquo
1029 619 1221 702 aliquotiens
1237 619 1383 683 emenda-

235 723 319 787 tiore
342 723 480 788 fluxisse.
526 723 684 788 Eminent
711 724 865 789 lectiones
895 723 1021 808 aliquot
1048 725 1167 790 codicis
1195 724 1384 791 Parisiensis

236 830 321 894 8049
348 827 405 915 (0)
434 833 467 893 et
493 831 666 895 nonnullae
695 831 848 896 similium
880 831 1026 896 codicum
1049 831 1294 896 Monacensium
1317 834 1385 899 484

234 933 288 1021 (S)
313 932 573 1022 1123474(Ζ).
662 937 730 1000 Eae
757 941 867 1020 partes
896 938 1097 1003 collectionis
1131 943 1168 1001 Ψ
1196 937 1245 1024 (in
1268 939 1384 1004 codici-

235 1044 295 1108 bus
318 1044 353 1108 F
362 1040 419 1128 V),
447 1065 527 1128 quae
556 1067 595 1108 ex
623 1045 812 1110 collectione
836 1045 1070 1129 [descriptae
1095 1041 1184 1125 sunt,
1214 1065 1252 1108 ex
1275 1045 1384 1109 codice

235 1151 468 1214 recentioribus
493 1150 591 1214 simili
614 1151 789 1237 fluxerunt3
812 1155 878 1216 tres
902 1152 987 1216 enim
1007 1173 1119 1216 uersus
1138 1150 1154 1215 I
1178 1151 1383 1235 153419,

238 1258 294 1342 qui
317 1257 351 1321 in
374 1258 561 1322 collectione
585 1263 621 1321 Ψ
643 1258 843 1323 emendatius
868 1281 964 1342 quam
989 1259 1024 1322 in
1048 1258 1198 1324 omnibus
1221 1259 1385 1324 codicibus

233 1364 435 1430 collectionis
458 1369 493 1428 Σ
521 1366 684 1450 leguntur,
712 1366 753 1430 ab
783 1387 835 1449 eo,
863 1365 918 1449 qui
946 1365 1169 1430 collectionem
1196 1370 1233 1430 Ψ
1254 1387 1384 1450 compo-

234 1470 312 1552 suit,
340 1493 378 1534 ex
406 1471 597 1537 collectione
621 1476 659 1535 Π
683 1474 844 1536 correctos
875 1493 962 1556 esse,
995 1493 1068 1536 cum
1096 1472 1160 1536 alia
1187 1475 1257 1536 tum
1284 1473 1384 1537 uerba

234 1575 331 1662 ‘quod
353 1576 453 1667 uidet’
477 1577 493 1642 Ι
517 1579 560 1643 34
583 1599 650 1643 non
677 1600 735 1643 suo
759 1579 831 1644 loco
856 1579 978 1643 inserta
1000 1579 1149 1663 probant.

324 1683 369 1750 Ut
391 1685 423 1748 id
448 1685 534 1769 quod
557 1685 651 1750 ualde
676 1687 768 1768 optes
791 1685 938 1751 codicum
961 1685 1178 1750 recentiorum
1202 1685 1276 1750 fons
1301 1685 1383 1750 anti-

237 1813 318 1876 quus
336 1791 465 1856 facilius
479 1793 584 1876 possit
597 1792 798 1878 inuestigari,
817 1793 941 1877 aliquot
954 1791 1201 1857 Monacensium
1216 1795 1249 1856 et
1262 1791 1384 1856 Vindo-

233 1899 427 1963 bonensium
456 1899 601 1964 codicum
629 1899 842 1964 recentiorum
870 1899 1022 1963 lectiones
1047 1895 1262 1984 subscribo’l‘)
1309 1896 1379 1973 Quo

232 2004 322 2070 fonte
346 2005 544 2090 inuestigato
568 2006 722 2072 lectiones
742 2005 887 2072 ecdicum
906 2006 941 2070 F
948 2003 1069 2070 VOSZ
1089 2004 1197 2070 omitti
1220 2005 1383 2088 poterunt.

323 2235 348 2304 *)
367 2235 514 2290 Lectiones
542 2235 670 2290 codicum
690 2232 950 2289 Vindobonensium
978 2234 999 2286 l.
1019 2234 1140 2287 Hucmer
1159 2231 1383 2287 Vindobonensis

232 2341 342 2379 summa
364 2324 538 2378 humanitate
563 2326 592 2378 et
616 2323 788 2378 liberalitate
811 2339 920 2376 meeum
945 2320 1169 2377 communicanit.
1206 2320 1381 2374 11111111

234 2414 339 2482 O(H):
355 2415 404 2468 sed
419 2413 492 2468 elabi
508 2414 588 2466 ceteri
641 2413 663 2465 B
679 2418 694 2466 7
711 2414 767 2481 (50)
786 2411 833 2465 Bis
849 2411 937 2466 emori
951 2413 994 2465 est
1007 2411 1152 2480 Bumberq.
1170 2411 1283 2466 Monac.
1302 2415 1382 2464 3523.

234 2508 310 2557 5415.
331 2509 408 2557 9809.
438 2502 554 2555 Vindob.
575 2505 616 2554 56.
637 2507 697 2555 901.
716 2506 794 2554 3134.
825 2501 915 2554 Beati.
935 2516 968 2553 eu
987 2500 1071 2566 codd,
1090 2497 1134 2552 bis
1154 2499 1228 2552 enim
1247 2499 1317 2552 mori
1336 2500 1379 2552 est

234 2590 396 2644 PRAFS.
418 2590 530 2644 Monac.
551 2593 629 2644 4739.
655 2589 736 2642 Viud.
757 2593 836 2655 4287,
855 2589 881 2642 b.
902 2587 976 2643 enim
995 2590 1037 2642 est
1055 2606 1091 2641 m.
1113 2589 1184 2654 Ine,
1203 2588 1230 2644 b.
1249 2587 1321 2641 mori
1340 2587 1384 2641 est

238 2679 327 2736 1¹02.
353 2678 524 2734 Vincenda
598 2679 620 2731 B
641 2683 672 2730 12
697 2681 753 2745 (55)
777 2660 887 2744 aceepit
910 2675 1015 2729 Gellius
1035 2675 1160 2730 Macrob.
1180 2676 1280 2731 Bamb.
1301 2676 1382 2730 Mon.

233 2776 310 2826 3523.
337 2769 678 2825 monmorentius.
704 2767 780 2821 Ine:
800 2762 905 2834 accipit
924 2763 1052 2818 PRAF
1061 2763 1086 2816 V
1104 2763 1183 2822 Meu.
1203 2770 1282 2818 4789.
1303 2770 1381 2819 5415.

233 2861 310 2915 9809.
345 2858 427 2914 Viud.
448 2864 507 2912 901.
527 2862 597 2910 2205
675 2855 694 2908 0
714 2861 729 2908 2
750 2857 805 2922 (83)
826 2851 951 2907 Crudelis
971 2855 1013 2907 est
1031 2852 1061 2906 in
1079 2869 1109 2906 re
1128 2852 1247 2906 aduersa
1260 2853 1288 2907 -S
1306 2852 1385 2920 (OM

234 2949 322 3016 TH):
351 2965 387 3002 er.
408 2948 437 3001 et
459 2947 488 3000 in
511 2965 533 3002 r.
553 2946 616 3000 adu.
637 2945 718 2999 Viud.
739 2949 817 3011 2205,
842 2961 879 2998 cr.
902 2942 932 2996 in
955 2959 985 3012 re
1008 2941 1071 2996 adu.
1092 2943 1135 2995 est
1160 2940 1321 3008 Meosne„
1341 2944 1383 2996 est

231 3054 281 3092 om.
301 3041 359 3092 ceti.
434 3035 566 3104 05(89)
592 3050 676 3104 aeger
698 3033 779 3088 facit:
807 3032 877 3086 facit
900 3048 984 3102 aeger
1003 3030 1084 3086 Ros
1108 3030 1190 3086 Viud.
1210 3036 1289 3085 4287.
1310 3031 1382 3097 luc,

230 3126 302 3182 facit
320 3125 445 3179 PBAF
455 3125 480 3177 V
497 3129 543 3179 etc.
617 3125 640 3177 D
660 3130 676 3177 2
692 3125 765 3192 (123)
785 3121 923 3175 Damnare
943 3122 986 3175 est
1004 3119 1058 3175 obi.
1080 3119 1381 3175 01111154159809.

239 3216 321 3268 Viud.
341 3219 383 3268 56.
404 3220 482 3267 3134.
502 3219 580 3268 3150.
605 3214 680 3266 Iuc:
705 3213 748 3266 ost
767 3227 816 3265 om.
837 3215 896 3265 cett.
969 3209 993 3262 D
1014 3214 1046 3262 10
1066 3209 1143 3278 (132)
1162 3208 1382 3261 Deliberandum

231 3306 274 3358 est
298 3303 346 3356 diu
369 3303 464 3371 quidq.
489 3303 542 3356 ΒΖ
566 3303 647 3356 Viud.
673 3307 733 3356 901.
757 3305 834 3376 4287.
859 3301 921 3353 Iuc.
1004 3297 1027 3348 D
1049 3303 1063 3351 7
1088 3298 1162 3366 (129)
1188 3313 1242 3365 quo
1266 3295 1385 3350 FGSZ

230 3392 494 3447 Bomilcaris:
523 3389 599 3457 qnod
627 3389 752 3442 PRBA
833 3389 855 3441 E
877 3393 908 3440 12
936 3387 1010 3456 (158)
1034 3385 1141 3454 patitur
1166 3384 1222 3439 OS.
1252 3383 1382 3439 Fabricii

232 3483 327 3536 codex:
353 3481 414 3550 pati
433 3481 477 3534 est
495 3484 553 3533 cett.
635 3479 656 3531 F
678 3484 709 3532 1o
728 3476 758 3530 in
777 3475 899 3531 animam
918 3475 939 3529 S
957 3472 1082 3543 (uecte?):
1102 3473 1234 3528 unanima
1252 3478 1309 3529 cett.

232 3569 375 3626 obiitus
398 3569 480 3623 Viud.
501 3573 578 3622 3134.
590 3573 668 3622 4287.
689 3567 765 3621 Iun:
785 3564 845 3620 abit
863 3564 894 3618 F
910 3564 1008 3619 Bumb.
1024 3563 1103 3616 Mon.
1119 3567 1197 3618 3523.
1223 3563 1305 3618 Viud.
1317 3568 1378 3630 901,

231 3659 318 3714 habet
343 3657 476 3713 PRBA.
502 3658 581 3711 Mon.
606 3660 684 3709 5415.
708 3660 785 3710 9809.
816 3654 898 3708 Vinii.
919 3659 960 3708 56.
986 3657 1055 3706 3150
1134 3651 1160 3704 Η
1186 3657 1200 3706 7
1226 3654 1300 3721 (209)
1323 3667 1380 3705 non

231 3749 322 3816 possis
343 3748 422 3817 queri
442 3747 489 3818 (0)
507 3747 535 3800 Β
550 3764 584 3802 m.
600 3751 624 3799 2.
646 3746 672 3798 Z
695 3744 776 3799 Vind.
797 3749 875 3798 2205.
896 3745 967 3808 Iun,
988 3761 1013 3797 n.
1033 3740 1122 3811 possit
1140 3758 1185 3809 qu.
1207 3741 1286 3796 Mou.
1302 3747 1379 3795 4789.

238 3836 318 3890 Viud.
339 3841 417 3905 4287,
443 3853 469 3890 n.
489 3835 579 3904 possit
597 3833 730 3902 conqueri
751 3834 830 3887 Mon.
850 3837 927 3887 9809.
948 3836 1026 3885 5413.
1052 3830 1134 3884 Viud.
1155 3833 1197 3885 56.
1217 3835 1300 3897 3150,
1324 3846 1381 3884 non

232 3925 374 3994 conpossit
392 3943 436 3994 qu.
459 3924 560 3992 PRA,
578 3940 702 3994 nequeas
722 3923 801 3992 queri
821 3921 883 3992 esf,
901 3939 958 3975 non
976 3919 1067 3990 possit
1086 3918 1162 3974 credi
1180 3919 1279 3974 Bumb.
1301 3919 1379 3972 Mon.

232 4013 417 4084 31111111.
437 4018 488 4066 111
529 4048 533 4058 .
567 4012 593 4066 Η
614 4017 645 4066 11
665 4014 740 4080 (111)
759 4011 847 4065 seruit
865 4011 922 4079 (H)
944 4009 992 4064 os
1016 4009 1098 4062 Vsus.
1121 4013 1279 4063 1114111.
1304 4008 1379 4060 Iun:

232 4101 336 4156 seruiet
360 4099 521 4154 PRBAF
542 4105 599 4154 ecit.
676 4101 703 4154 H
724 4106 755 4154 19
780 4101 855 4170 (221)
879 4098 996 4153 Heredis
1018 4097 1099 4150 fletus
1123 4097 1228 4151 Gellius
1253 4096 1378 4151 Maerob.

233 4193 261 4250 0.
277 4209 342 4261 par.
360 4179 458 4244 namt.
479 4190 520 4244 s:
540 4189 651 4245 heredis
669 4191 749 4244 fictus
770 4190 849 4243 Mon.
871 4191 1134 4242 assereremus.
1160 4185 1376 4239 1111151911.

231 4287 309 4337 3134.
329 4286 412 4348 3150,
434 4281 514 4334 heres
536 4281 616 4334 fictus
640 4280 797 4334 PRBAF
819 4280 901 4334 Viud.
921 4283 999 4332 4287.
1019 4277 1081 4330 Iuc.
1158 4275 1205 4328 19
1231 4276 1305 4343 (238)
1330 4274 1373 4327 In-

230 4371 305 4425 uitat
324 4369 414 4439 (HT)
433 4370 457 4424 0
474 4369 597 4424 suasu:
621 4369 650 4423 in
674 4387 703 4424 se
726 4368 800 4424 uitat
821 4366 981 4422 PRBAF
997 4370 1056 4419 cett.
1128 4365 1141 4416 Ι
1161 4370 1194 4418 10
1214 4365 1287 4434 (245)
1307 4365 1381 4418 hunc

231 4459 376 4514 inimicum
394 4461 476 4529 putes
496 4459 601 4514 Gellius
616 4459 740 4515 Macrob.
758 4459 783 4514 Z
797 4459 877 4513 Meu.
892 4462 961 4512 5415
977 4456 1061 4524 (nuno
1075 4459 1144 4509 3523
1159 4454 1278 4524 Romi).
1297 4453 1376 4508 Viud.
