3352 5138
346 297 390 393 42
494 406 496 411 1
819 330 934 385 rubrus
954 330 1016 398 aya

435 494 542 559 Malus
566 495 628 560 etsi
652 496 766 561 obesse
789 517 855 560 non
878 497 987 579 potest
1009 483 1118 560 tamen
1142 495 1274 582 cogitat.

310 598 313 602 ’
378 618 412 667 40
436 603 459 687 k
481 601 589 688 Magis
613 602 701 666 ualet
724 601 779 685 qui
801 602 903 666 nescit
927 601 1012 685 quod
1036 601 1123 664 ualet
1146 600 1324 666 calamitas.

436 709 529 774 Mora
552 708 759 793 cogitationis
784 707 955 793 diligentia
978 711 1036 772 cst.

348 813 370 850 V
435 815 539 881 Multa
563 816 762 900 ignoscendo
786 817 823 880 fit
846 817 959 900 potens
982 816 1154 899 potentior.
1428 815 1509 880 350

434 922 546 987 Multis
569 924 694 1008 placere
715 945 799 1008 quae
823 923 913 1006 cupit
937 922 1066 1005 culpam
1089 921 1186 1006 cupit.

433 1029 605 1095 Minimum
629 1031 725 1114 eripit
747 1025 895 1114 fortuna‚'
916 1029 967 1093 cui
990 1029 1161 1094 minimum
1184 1029 1280 1094 dedit.

378 1152 412 1200 45
435 1137 590 1202 Meretrix
613 1140 663 1201 est
686 1138 937 1201 instrumentum
961 1136 1196 1201 contumeliae.-

433 1243 541 1309 Malus
565 1245 685 1309 bonum
710 1243 751 1308 ad
776 1265 809 1307 se
832 1265 1011 1328 numquam
1035 1242 1206 1308 consilium
1229 1243 1337 1308 refert.
1376 1314 1384 1328 .

433 1348 608 1414 Manifesta
632 1371 729 1415 cansa
752 1371 861 1414 secum
884 1349 984 1414 habet
1007 1350 1211 1415 sententiam.
1428 1349 1501 1414 355

432 1456 611 1522 Multorum
635 1457 819 1522 calamitate
842 1456 892 1520 uir
915 1457 1052 1522 moritur
1074 1457 1189 1521 bonus,

431 1562 538 1629 Metus
562 1565 726 1649 improbos
750 1563 926 1646 compescit
947 1585 1013 1628 non
1036 1563 1215 1628 clementia.

375 1685 409 1734 50
432 1669 620 1736 Muneribus
644 1675 702 1750 ast,
726 1693 792 1736 non
814 1669 957 1734 lacrimis
981 1670 1132 1734 meretrix
1155 1668 1346 1734 misericors.

431 1776 639 1842 Metuendum
663 1781 713 1842 est
736 1798 875 1861 semper,
899 1797 969 1841 esse
993 1798 1066 1841 cum
1088 1778 1179 1840 tutus
1203 1775 1293 1840 nelis.

431 1883 520 1948 Mors
535 1884 652 1949 infanti
667 1883 752 1967 felix,
772 1883 880 1947 inueni
895 1883 1019 1965 acerba,
1042 1883 1139 1946 nimis
1154 1904 1225 1947 sera
1239 1885 1289 1948 est
1303 1881 1380 1948 seni.
1423 1883 1493 1947 360

431 1989 552 2054 Malam
574 2013 643 2055 rem
666 2013 739 2056 cum
762 1989 844 2054 uelis
867 1990 1040 2054 honestare
1064 1989 1236 2074 improbes.

382 2129 384 2133 v
431 2096 554 2162 Malum
579 2102 629 2164 ast
651 2097 840 2180 consilium,
864 2097 950 2182 quod
972 2097 1093 2162 mutari
1115 2118 1182 2161 non
1204 2098 1320 2180 potest.

376 2218 410 2267 55
433 2203 561 2269 Malitia
584 2205 678 2269 unius
703 2205 767 2270 cito
791 2205 829 2268 fit
852 2204 935 2268 male
959 2203 1081 2268 dictum
1106 2203 1259 2268 omnium.

429 2309 569 2376 Mortem
592 2312 651 2376 ubi
671 2315 858 2376 contemnas
882 2311 997 2376 uiceris
1022 2331 1133 2376 omnes
1159 2313 1272 2374 metus.

430 2416 549 2482 Misera
572 2423 622 2483 cst
644 2419 809 2503 uoluptas,
833 2418 890 2482 ubi
912 2418 1023 2502 pericli
1047 2417 1204 2482 memoria
1226 2419 1285 2482 eat.
1419 2417 1485 2482 365

429 2525 517 2590 Male
540 2525 641 2590 uincit
659 2547 676 2586 s
695 2547 790 2610 quem
813 2525 959 2609 poenitet
980 2523 1143 2589 uictoriae.

429 2631 613 2698 Misericors
637 2632 716 2697 ciuis
739 2631 864 2716 patriae
888 2637 939 2696 est
961 2631 1150 2696 consolatio.

408 2849 473 2897 395
510 2842 563 2897 etsi
574 2843 691 2898 Grata:
706 2843 817 2898 etiamsi
827 2843 863 2910 F,
874 2842 1030 2898 siereete?
1062 2840 1171 2913 cogitat
1183 2841 1309 2897 tamem
1375 2849 1409 2896 40
1424 2859 1479 2896 ma-

343 2931 386 3001 gis
414 2931 438 2985 is
466 2931 522 2986 Ed.
545 2933 656 3001 Becker,
684 2949 766 3003 mage
795 2933 897 2987 Grata
933 2933 987 2986 scit
1013 2931 1130 3002 Specqel
1175 2931 1242 3000 quid
1270 2933 1354 3002 culpo
1389 2931 1482 2986 ualeat

340 3020 468 3090 Maekky‚
501 3019 539 3074 sit
564 3021 666 3076 Becker
738 3027 771 3076 41
801 3013 960 3076 diffideritia
987 3021 1089 3076 Gruter
1160 3027 1194 3075 42
1220 3039 1239 3074 α
1268 3022 1316 3077 bia
1343 3039 1359 3074 σ
1395 3021 1481 3075 mults

339 3108 456 3178 Spengel
490 3110 591 3184 potens
610 3111 642 3164 fit
660 3131 679 3165 α
699 3112 741 3166 bis
812 3117 846 3164 43
874 3110 997 3180 ocare.
1023 3115 1074 3164 114
1111 3110 1159 3179 qui
1186 3108 1265 3180 cupit
1286 3109 1324 3179 pl.
1352 3121 1374 3177 ψ
1401 3109 1479 3166 Bari.

237 3256 246 3267 ‚
339 3197 464 3268 (colpato
483 3199 571 3270 codd.)
608 3200 685 3270 cupit
700 3202 740 3256 ed.
755 3200 881 3269 Repente
903 3199 982 3270 capit
996 3199 1054 3268 Fa
1069 3199 1150 3254 Bari.
1223 3203 1292 3252 44σ
1328 3198 1391 3254 fort.
1408 3198 1480 3268 rapit

340 3304 355 3340 σ
392 3285 585 3344 euidenti:
601 3288 705 3344 cumF
775 3294 846 3358 455
865 3288 946 3343 Bari.
963 3295 1013 3343 115
1051 3288 1186 3342 estinstr.
1204 3286 1318 3342 Gruter:
1337 3286 1354 3340 i.
1370 3287 1478 3355 ostFu

409 3381 444 3431 46
463 3397 482 3430 α
497 3377 539 3431 bis
574 3376 612 3431 ad
627 3377 730 3432 bonum
741 3378 846 3448 Meyer,
866 3393 927 3432 ase
941 3393 1084 3446 nunquam
1098 3377 1162 3431 bon.
1179 3395 1198 3430 α
1213 3376 1254 3430 bis
1286 3376 1320 3442 ef.
1336 3373 1477 3430 Menandri

340 3480 412 3519 mon.
434 3459 521 3534 φύσιν
540 3461 668 3534 πονηρὰν
687 3467 856 3538 μεταβαλεῖν
876 3461 910 3520 ob
929 3461 1029 3536 ῥοίδιον
1101 3471 1134 3520 47
1153 3476 1176 3535 ψ
1194 3464 1275 3520 Bar.
1296 3469 1347 3518 116
1389 3480 1478 3518 secum

339 3565 431 3623 omo
503 3554 750 3623 coenarent
787 3553 944 3611 calamitati
960 3554 1079 3609 Ribbeck
1114 3554 1179 3609 bon.
1193 3566 1300 3623 mono
1372 3558 1407 3606 49
1427 3572 1444 3605 α

339 3643 428 3720 malos
451 3645 542 3698 metus
566 3642 698 3697 cohercet
721 3663 740 3696 α
821 3649 896 3712 obp
933 3645 977 3698 est
1000 3644 1070 3713 (fite)
1098 3644 1271 3712 transposui,
1300 3647 1362 3697 urite
1388 3640 1476 3696 miser.

339 3731 417 3786 kcbet
435 3731 466 3784 F
472 3743 495 3800 ψ
523 3749 598 3786 mun.
627 3747 694 3786 mer.
720 3732 753 3786 fit
779 3748 835 3786 non
862 3732 929 3788 lacr.
957 3731 1017 3788 mis.
1047 3731 1165 3787 Ribbeck
1242 3736 1275 3785 51
1299 3731 1474 3786 metuendum

339 3835 448 3890 semper
466 3837 527 3875 esse
547 3820 631 3889 scias,
651 3837 734 3890 quem
753 3822 843 3875 tutum
864 3820 935 3876 uelis
955 3820 996 3890 Γ,
1016 3822 1057 3876 est
1076 3821 1139 3876 cdd.
1161 3825 1186 3875 et
1205 3820 1276 3876 scias
1295 3822 1345 3876 del.
1372 3821 1476 3890 Gruter,

338 3909 363 3963 si
380 3910 458 3963 tutus
477 3909 606 3979 Spenpk,
634 3927 697 3964 cum
718 3911 815 3980 Meyer
886 3915 919 3964 52
937 3927 955 3964 c
991 3911 1034 3965 est
1056 3911 1120 3965 odd.
1138 3910 1297 3965 Buecheler:
1327 3926 1378 3965 om.
1398 3909 1447 3964 Fa

340 4014 402 4053 sera
419 3997 502 4052 nimis
522 3999 637 4069 Grata,
656 3999 717 4054 iera
734 3999 853 4054 nimisc
926 4005 959 4054 53
980 4011 1002 4068 ψ
1021 3999 1102 4053 Bari.
1124 4005 1174 4054 118
1211 3998 1295 4068 uisu
1331 3999 1508 4054 honestare·

341 4088 449 4158 Meyer:
468 4087 643 4144 honestatem
653 4088 709 4157 Fa
746 4095 780 4143 54
797 4088 819 4143 O
835 4095 876 4159 16,
891 4095 916 4146 2.
936 4108 954 4143 α
965 4090 1014 4144 bia
1029 4100 1051 4157 ψ
1066 4088 1146 4142 Bari.
1168 4094 1218 4143 119
1234 4089 1339 4143 Gellius
1353 4094 1395 4156 17,
1414 4087 1478 4143 140

338 4177 632 4247 (sarracenicae,
657 4182 683 4249 k)
721 4195 794 4234 cons.
815 4180 898 4246 estu
971 4183 1005 4232 56
1029 4178 1210 4246 contempnas
1234 4177 1265 4231 1⁷
1299 4177 1351 4234 uic.
1386 4195 1475 4234 omnes

338 4264 484 4321 mBotke:
504 4283 539 4320 m.
554 4283 581 4320 u.
597 4283 621 4321 o.
637 4266 668 4319 F
737 4271 770 4322 57
789 4266 907 4335 uBart.
925 4271 976 4320 120
1011 4263 1130 4335 periculi
1144 4266 1200 4335 Fa
1237 4268 1414 4336 estmem.sp

338 4358 372 4410 58
394 4353 425 4407 Τ.
442 4373 460 4407 α
474 4353 523 4410 bis.
538 4366 561 4424 ψ
579 4355 660 4411 Bari.
678 4360 727 4410 121
765 4355 846 4411 clam.
866 4355 930 4411 adel.
949 4355 1064 4426 Specpek
1082 4361 1107 4412 ct
1125 4357 1252 4424 Ribbeck,
1270 4356 1303 4424 is,
1322 4357 1395 4427 post,
1413 4373 1472 4411 mox

338 4443 446 4500 addunt
464 4444 516 4499 alii
555 4443 630 4498 male
654 4441 744 4498 uincit
766 4441 914 4499 audaciam
938 4462 965 4513 q.
984 4462 1047 4516 pen.
1071 4444 1191 4501 uictoria
1212 4444 1247 4512 Τ,
1275 4444 1349 4498 male
1373 4461 1402 4500 se
1421 4444 1470 4501 uin
