3352 5138
313 316 357 380 46
790 318 905 373 suarim
925 317 986 387 Syri

402 478 506 544 Nemo
530 480 690 545 inmature
714 481 864 564 moritur,
887 481 942 565 qui
965 481 1104 567 moritur
1128 481 1233 545 miser.
1396 484 1467 546 420
1554 491 1561 496 ’

344 602 378 650 46
402 585 581 651 Nocentem
606 588 660 671 qui
684 587 841 672 defendit,
865 589 927 652 sibi
952 588 1074 652 crimen
1098 587 1193 671 parit.

401 693 492 758 Nihil
514 716 580 758 non
604 698 659 758 aut
683 695 763 758 lenit
786 698 843 758 aut
865 694 977 784 domat
998 695 1203 759 diuturnitas.

403 799 494 863 Nihil
514 803 612 884 turpe
636 801 733 866 ducas
756 824 815 884 pro
840 802 954 866 salutis
979 802 1129 866 remedio.

400 904 477 970 Noli
500 911 704 972 contemnere
728 929 780 992 ea,
804 929 885 992 quae
910 930 1054 973 summos
1078 908 1268 972 subleuant'

400 1013 492 1078 Nihil
517 1013 605 1076 aliud
628 1014 690 1078 scit
714 1015 890 1079 necessitas
915 1037 1013 1099 quam
1036 1015 1173 1078 uincere.
1294 1055 1300 1066 »
1394 1015 1463 1078 425

343 1137 377 1184 50
400 1119 505 1184 Nemo
528 1121 674 1186 timendo
698 1121 739 1184 ad
763 1144 924 1186 summurn
947 1122 1096 1206 peruenit
1118 1122 1233 1186 locum.

400 1225 474 1291 Nisi
496 1249 554 1311 per
577 1231 609 1291 te
634 1227 743 1311 sapias
768 1228 888 1292 frustra
912 1229 1090 1313 sapientem
1115 1228 1237 1294 audias.

401 1331 596 1398 Necessitati
620 1334 749 1418 sapiens
775 1335 858 1398 nihil
881 1357 1034 1420 umquam
1057 1339 1164 1420 negat.

400 1439 476 1504 Non
500 1439 595 1504 facile
619 1441 657 1504 de
681 1440 853 1506 innocente
877 1441 997 1504 crimen
1020 1440 1163 1525 fingitur.

399 1545 545 1610 Nimium
569 1547 647 1611 boui
671 1551 720 1611 est
743 1547 778 1611 in
801 1551 905 1612 morte
929 1569 1002 1611 cum
1025 1547 1108 1610 nihil
1132 1547 1175 1611 sit
1199 1548 1284 1613 mali.
1388 1549 1457 1612 430

343 1672 376 1720 65
400 1653 443 1718 Ni
468 1654 586 1740 gradus
611 1658 772 1738 seruetur,
795 1654 877 1718 nulli
900 1657 990 1718 tutus
1014 1657 1064 1718 est
1087 1676 1230 1718 summus
1253 1655 1352 1719 locus,

364 1791 366 1793 ·
398 1761 489 1825 Nihil
514 1765 564 1825 est
587 1761 745 1845 miserius,
768 1783 865 1846 quam
888 1761 946 1825 ubi
975 1761 1075 1844 pudet
1098 1760 1183 1844 quod
1205 1761 1329 1824 feceris.

399 1867 467 1932 Nec
491 1871 627 1930 mortem
651 1867 792 1953 effugere
815 1867 986 1953 quisquam
1008 1889 1069 1932 nec
1093 1889 1234 1933 amorem
1258 1871 1376 1952 potest.

399 1973 634 2039 Necessitatem
657 1973 741 2037 ferre
763 1996 830 2038 non
853 1973 929 2038 fiere
954 1973 1094 2038 addecet.

398 2079 567 2165 Nusquam
591 2079 718 2144 facilius
742 2081 837 2164 culpa
860 2102 956 2164 quam
980 2081 1014 2143 in
1037 2081 1133 2144 turba
1156 2080 1245 2144 latet.
1390 2081 1458 2146 435

341 2188 373 2251 Z
398 2186 473 2251 Non
492 2187 563 2250 leue
587 2186 779 2252 beneficium
801 2191 946 2271 praestat
969 2187 1023 2271 qui
1041 2187 1184 2250 breuiter
1202 2189 1310 2270 negat.
1335 2189 1378 2252 od
1391 2189 1457 2250 469

701 2293 833 2358 Publilii
856 2314 917 2358 esse
938 2295 1062 2358 uidetur

398 2399 474 2466 Non
497 2405 547 2465 est
569 2401 700 2485 beatus,
724 2423 794 2494 csse
818 2389 851 2464 s'e
877 2401 1021 2485 quinon
1043 2401 1101 2484 put
1123 2404 1144 2463 t.

337 2567 373 2626 Ψ
394 2561 506 2627 Omnis
530 2563 682 2646 uoluptas
707 2582 915 2645 quaecunque
940 2560 1050 2624 arrisit
1073 2564 1176 2626 nocet.
1390 2561 1458 2624 436

321 2735 326 2744 ,
399 2669 597 2752 Obsequium
621 2669 764 2733 beniuoli
789 2667 889 2732 animi
912 2667 1011 2730 finem
1035 2689 1101 2731 non
1125 2667 1233 2731 habet.

310 2828 418 2880 nullum
438 2827 468 2879 Ι41
539 2832 574 2880 44
592 2838 614 2888 ψ
634 2827 715 2880 Bart.
788 2831 823 2880 45
845 2825 876 2893 Τ,
892 2844 910 2878 α
925 2829 1029 2893 quater,
1047 2835 1070 2890 ψ
1085 2824 1165 2878 Bcrt.
1203 2823 1257 2878 sibi
1271 2825 1376 2880 crimen
1390 2825 1457 2879 Fu:

310 2915 423 2969 sibimet
450 2914 554 2969 crimen
576 2916 612 2984 Τ,
636 2933 673 2970 cr.
693 2913 747 2969 sibi
765 2926 796 2982 ψ,
817 2919 885 2968 uter
921 2912 998 2983 parit
1015 2912 1083 2981 Fu:
1102 2913 1185 2982 parat
1203 2933 1221 2966 α
1236 2918 1340 2983 quater,
1362 2914 1387 2966 Τ

309 3010 343 3058 46
363 3025 381 3057 α
417 3003 489 3057 nihil
507 3005 558 3058 aut
579 3020 635 3057 non
658 3003 677 3056 1.
696 3004 745 3056 aut
767 3019 822 3056 non
847 3022 864 3055 n
944 3008 978 3056 47
1010 3001 1085 3068 Ταψ
1113 3003 1194 3057 Bari.
1232 3003 1309 3058 dicas
1329 3025 1347 3056 α
1383 3003 1457 3058 nihil

309 3091 418 3162 turpius
437 3091 520 3146 dicas.
554 3091 629 3159 quod
647 3091 680 3145 fit
702 3107 753 3160 pro
778 3091 827 3145 sal.
853 3107 920 3144 rem.
950 3090 976 3142 T
1045 3095 1079 3144 48
1098 3101 1121 3158 ψ
1139 3091 1220 3146 Bart.
1258 3094 1456 3162 contempnere

309 3179 340 3234 F
370 3180 554 3247 sublsump
623 3185 656 3234 49
671 3196 755 3247 quam
766 3179 904 3248 Iu9.:qui
914 3179 950 3247 F,
962 3177 1056 3248 (nisit)
1125 3185 1157 3234 51
1173 3191 1239 3247 κσψ
1249 3181 1330 3237 Bari.
1359 3181 1455 3236 audies

309 3287 333 3338 o,
352 3267 473 3323 audieris
491 3289 508 3322 κ
581 3275 615 3324 63
634 3281 656 3336 ψ
675 3270 757 3323 Bort.
830 3274 864 3322 54
883 3268 1001 3322 nimium
1017 3269 1094 3337 Iuga:
1113 3267 1245 3323 nimirum
1260 3271 1291 3323 F
1325 3271 1391 3324 boni
1411 3273 1455 3324 est

308 3357 338 3412 in
362 3360 453 3412 morte
471 3359 572 3412 Bothe:
600 3376 622 3413 e.
642 3358 660 3412 i.
681 3377 715 3414 m.
735 3359 761 3414 b.
783 3358 814 3411 F
849 3357 893 3411 eui
917 3358 1062 3425 Woelfflin
1098 3359 1146 3412 sit:
1171 3362 1230 3414 est?
1268 3359 1302 3426 cf.
1327 3359 1456 3413 Ennium

311 3447 388 3518 apud
408 3448 561 3502 Ciceronem
579 3449 611 3502 ite
629 3449 676 3514 fiir.
697 3453 723 3515 2,
744 3452 785 3515 13,
805 3453 851 3500 41:
875 3446 1001 3500 Nimium
1024 3447 1091 3500 boni
1116 3455 1160 3500 est
1186 3447 1231 3502 cui
1254 3447 1295 3500 nil
1319 3448 1387 3502 mali
1411 3451 1456 3502 est

377 3541 412 3588 55
430 3547 453 3604 ψ
472 3536 552 3591 Bait.
590 3539 735 3592 seruentur
756 3537 852 3605 Meper
925 3541 959 3589 56
978 3555 996 3588 α
1034 3535 1094 3590 ubi:
1114 3537 1146 3588 ut
1164 3555 1183 3588 α
1221 3540 1253 3589 57
1274 3547 1320 3603 αψ
1335 3536 1416 3590 Bort.

308 3641 360 3680 nec
379 3642 434 3678 am.
454 3643 499 3694 qu.
520 3645 548 3694 α,
566 3643 618 3681 nec
637 3643 691 3680 am.
711 3642 757 3693 qu.
777 3623 821 3680 eff.
840 3635 863 3694 ψ
936 3629 969 3677 58
988 3623 1054 3678 ferri
1068 3641 1124 3700 non
1138 3623 1198 3678 fleri
1213 3625 1294 3678 decet
1308 3625 1455 3680 Froeletiett

381 3718 455 3781 6946
473 3713 554 3768 Bait.
591 3731 729 3782 nusquam
754 3713 910 3780 Woelfflin:
929 3729 1082 3781 numquam
1101 3713 1157 3781 Εψ
1194 3714 1277 3768 turba
1295 3714 1343 3769 lat.
1370 3731 1454 3784 qnam

308 3804 337 3858 in
357 3803 480 3872 culpare
819 3868 822 3874 A
1407 3798 1408 3801 ’

381 3893 417 3946 Z:
439 3892 465 3944 T
481 3897 506 3946 4.
526 3897 568 3945 60.
589 3897 631 3946 46.
652 3898 692 3946 21.
714 3899 738 3948 7,
757 3898 800 3946 47.
820 3897 862 3946 25.
937 3897 970 3946 60
988 3893 1115 3961 praestet
1133 3889 1180 3959 qui
1200 3890 1234 3944 de
1254 3889 1333 3946 breui
1353 3907 1454 3946 renun-

308 3983 366 4037 ciat
387 3981 422 4049 Τ,
446 3981 572 4050 praestat
594 3979 643 4048 qui
666 3980 722 4035 cito
745 3983 832 4050 negat
852 3980 949 4048 Orelli,
977 3981 1100 4035 breuiter
1126 3980 1223 4050 Meyer
1295 3986 1326 4034 61
1353 3979 1455 4036 Seneca

305 4072 381 4140 epist.
402 4077 427 4139 9,
449 4076 481 4124 21
502 4070 578 4140 apud
596 4072 709 4139 poetam
729 4069 865 4124 comicum
884 4069 1010 4124 inuenies
1029 4069 1092 4123 Non
1111 4075 1158 4122 ete.

383 4163 413 4212 Ψ
426 4160 506 4213 hehet
525 4161 568 4227 (ex
582 4161 619 4227 Σ)
637 4165 671 4212 47
691 4158 842 4213 sententias
862 4158 963 4214 ‘Omne
978 4160 1125 4227 peccatum
1136 4199 1159 4213 ..
1176 4157 1272 4212 Omnis
1291 4158 1389 4214 doctor
1399 4201 1406 4214 .
1418 4159 1440 4215 .'
1449 4201 1456 4228 ,

307 4248 693 4316 deiude(exH):Fl-14
728 4250 814 4318 q(eic
831 4251 869 4312 Ψ)
889 4254 912 4303 1.
932 4254 956 4301 2.
976 4265 1001 4300 x.
1020 4252 1045 4300 4.
1066 4251 1090 4300 ὅ.
1112 4253 1135 4300 7.
1157 4253 1196 4301 10.
1219 4255 1251 4302 13
1288 4249 1369 4303 Bart.
1387 4255 1412 4304 2.
1426 4266 1453 4302 x·

308 4343 333 4390 4.
353 4341 377 4392 5.
452 4342 508 4404 lq
545 4352 708 4405 quecunque
731 4348 766 4405 ip:
795 4351 997 4404 quemcumque
1016 4335 1056 4404 F,
1085 4353 1279 4406 quamcunque
1302 4340 1347 4405 (=
1367 4354 1454 4404 quau·

307 4429 368 4484 tum
387 4427 422 4499 c.)
443 4424 528 4481 Orelli
550 4431 636 4482 recte?
665 4425 821 4495 cuicunque
845 4424 989 4493 Woelfflin
1060 4430 1143 4496 2αψ
1168 4426 1250 4480 Bari.
1288 4425 1453 4495 obsequium
