3352 5138
350 245 392 307 48
829 243 943 298 Publilii
963 243 1025 312 Syri

439 407 604 472 Patientia
627 408 727 480 animi
751 408 893 472 occultas
917 407 1048 480 diuitias
1071 407 1180 474 habet.

439 515 555 580 Peiora
578 515 680 579 multo
704 515 828 598 cogitat
851 513 960 577 mutus
984 513 1085 578 dolor.

440 622 612 687 Pecunia*
627 619 781 706 regimen*
796 624 846 685 est
867 643 974 684 rerum
999 622 1152 686 omnium.

380 745 411 793 10
435 728 543 814 Ρυᾲρτ
566 729 719 792 dimissus
742 748 921 811 numquam
940 728 1023 792 redit
1046 729 1081 791 in
1104 731 1250 814 gratiam.

439 835 597 900 Perdendi
620 836 717 899 finem
740 855 834 898 nemo
858 833 922 898 nisi
946 838 1073 918 egestas
1097 835 1183 900 facit.
1436 840 1512 903 460

441 943 551 1006 Poena
575 943 615 1006 ad
638 943 761 1006 malum
785 937 942 1026 serpendo
966 961 1039 1006 cum
1058 947 1211 1026 properat
1233 945 1332 1010 uenit.

440 1050 517 1114 Plus
542 1054 591 1115 est
615 1073 713 1134 quam
736 1049 842 1134 poena
865 1039 1000 1112 iniuriae
1026 1051 1241 1117 succumbere.

396 1227 399 1234 ,
439 1157 503 1222 Pro
527 1157 687 1221 medicina
710 1160 759 1220 est
782 1155 882 1238 dolor,
906 1155 1050 1221 dolorem
1074 1157 1128 1240 qui
1151 1163 1256 1222 necat.

339 1249 341 1253 ¹
385 1281 416 1354 10
441 1263 573 1329 Patiens
588 1268 630 1328 -ct
651 1263 746 1328 fortis
771 1285 805 1328 se
829 1263 936 1346 ipsum
960 1262 1085 1327 felicem
1109 1264 1195 1330 facit.
1224 1324 1228 1328 ,

428 1371 626 1454 'Prospicere
650 1372 684 1435 in
707 1379 786 1454 pace'
810 1373 952 1453 oportet,
976 1371 1062 1455 quod
1085 1372 1207 1437 bellum
1231 1374 1334 1437 iuuet'
1435 1376 1507 1439 465

440 1473 562 1553 Parens
585 1478 686 1541 iratus
709 1477 803 1541 inse
826 1479 876 1540 est
899 1477 1147 1542 crudelissimus.

440 1585 550 1649 Perdit
572 1607 640 1649 non
663 1584 762 1648 donat
785 1583 840 1667 qui
864 1581 920 1645 dat
942 1583 1007 1646 nisi
1032 1584 1075 1647 sit
1098 1585 1264 1648 memoria.

439 1694 462 1777 †
488 1692 592 1757 Probe
616 1691 739 1755 delicta.
781 1711 855 1754 cum
877 1690 968 1772 legas
992 1689 1127 1755 deteras.

274 1844 276 1848 »
382 1816 415 1863 10
441 1800 519 1863 Pars
542 1798 676 1862 benefici
701 1799 750 1860 est
773 1795 857 1881 quod
880 1797 1001 1878 petitur
1025 1799 1051 1860 si
1074 1798 1157 1862 belle
1180 1819 1286 1882 neges,

405 1961 406 1964 ,
441 1905 618 1988 Properare
641 1906 676 1969 in
699 1903 871 1968 iudicando
896 1907 944 1968 est
969 1904 1090 1968 crimen
1109 1893 1276 1989 quaerere.
1435 1909 1505 1972 470

412 2047 415 2054 ,
441 2012 558 2095 Populi
582 2017 631 2076 est
654 2011 862 2094 mancipium,
887 2011 1031 2096 quisquis
1056 2013 1180 2095 patriae
1204 2017 1254 2077 est
1276 2013 1375 2077 utilis.
1454 2039 1455 2044 ¹

440 2118 502 2182 Per
524 2141 606 2202 quae
630 2119 673 2182 sis
697 2111 804 2196 tutus,¹
824 2117 880 2180 illa
904 2139 1031 2202 semper
1054 2120 1184 2204 cogites.

363 2210 365 2216 ³
441 2225 614 2312 Perfugere
639 2226 678 2290 ad
703 2224 888 2288 inferiorem
913 2247 946 2288 se
970 2225 1077 2308 ipsum
1102 2229 1151 2289 est
1173 2225 1307 2290 tradere.

381 2350 415 2397 ‘25
439 2333 612 2397 Peccatum
637 2331 731 2396 amici
754 2330 855 2394 ueluti
878 2334 970 2394 tuum
995 2336 1079 2395 recte
1102 2337 1205 2415 putes.

441 2440 561 2505 Potens
586 2440 767 2504 misericors
791 2423 920 2522 publica
944 2441 994 2502 est
1017 2438 1164 2504 felicitas.
1434 2442 1502 2506 475

439 2547 598 2612 Praesens
622 2550 672 2610 est
696 2553 831 2630 semper,
855 2545 971 2610 absens
995 2547 1050 2631 qui
1074 2569 1107 2610 se
1131 2547 1305 2611 ulciscitur.

439 2653 594 2718 Perfacile
619 2634 703 2736 quod
727 2655 804 2716 uota
826 2652 989 2735 imperant
1011 2652 1089 2716 felix
1105 2653 1198 2719 facit.

439 2760 582 2824 Poenam
605 2763 749 2824 moratur
772 2759 948 2842 improbae,
972 2781 1038 2823 non
1061 2760 1223 2842 praeterit.

351 2935 490 3005 perditur
573 2941 626 2988 ta
646 2936 688 2988 bie
738 2933 893 2988 animiam.
913 2938 937 2986 ct
960 2934 1025 2987 hab.
1045 2934 1100 2988 diu.
1122 2956 1140 2988 α
1160 2936 1201 2990 bis
1282 2943 1396 3005 80πο
1415 2937 1494 2991 Bari.

385 3025 474 3078 multo
487 3023 658 3096 ¹Trschuclre:
682 3022 773 3076 multa
795 3023 887 3089 codd.;
911 3014 1013 3091 1101111,Ι
1028 3026 1142 3094 arguto,
1163 3024 1292 3092 querulo,
1317 3025 1409 3079 ultore
1433 3042 1491 3079 ceu-

350 3115 471 3168 icceruut
554 3119 569 3167 9
594 3132 612 3165 a
641 3113 690 3166 bis.
715 3123 737 3178 u
760 3111 841 3164 Bari.
884 3127 940 3164 una
968 3112 1030 3165 adal.
1061 3111 1175 3175 Gruter,
1206 3131 1293 3166 unum
1317 3113 1356 3166 W
1354 3115 1461 3182 oeiffliu

337 3220 409 3272 pec.
430 3204 474 3258 est
492 3220 549 3272 reg.
570 3221 642 3256 omn.
662 3218 754 3255 rerum
774 3220 792 3253 α
812 3201 902 3266 biau
978 3207 1010 3254 10
1031 3213 1051 3269 ψ
1071 3202 1151 3258 Bart.
1189 3203 1347 3270 amissura
1422 3209 1494 3269 llu

349 3293 430 3348 Bart.
505 3297 536 3344 12
557 3291 693 3360 serpendo
703 3290 801 3344 Bothe:
817 3289 960 3358 serpentia
974 3289 1004 3342 F
1039 3292 1173 3360 properat
1192 3293 1348 3360 Woelfflin:
1368 3294 1492 3361 proterat

350 3381 381 3433 F
443 3371 485 3433 ι14
504 3384 547 3434 est
565 3380 645 3434 dolor
664 3380 728 3448 Iup.
749 3384 773 3431 et
791 3378 917 3431 dolorem
936 3378 984 3446 qui
1004 3379 1117 3433 Gruter:
1143 3379 1221 3434 dolor
1240 3379 1350 3448 estqui
1369 3381 1490 3434 dolorem

351 3469 382 3522 F
452 3470 632 3523 15abis.rr
673 3467 750 3536 ipse?
774 3469 809 3533 cs.
835 3467 911 3531 Q45
953 3467 1129 3523 facitfel.a
1207 3475 1277 3522 16a
1314 3469 1490 3538 inpaceop.

351 3559 464 3612 Gruter:
488 3576 532 3628 op.
552 3558 582 3612 in
605 3573 634 3626 μ’
652 3557 704 3609 Fa
744 3558 853 3610 uiteta
933 3562 964 3610 17
984 3576 1005 3609 a
1041 3555 1145 3612 Parcus
1165 3575 1186 3610 a
1264 3562 1296 3610 18
1321 3557 1358 3610 sit
1377 3557 1491 3611 Ribbeck

350 3653 375 3700 et
393 3647 520 3716 Speupet:
540 3649 583 3699 est
602 3641 633 3698 F
705 3651 735 3698 19
755 3645 838 3714 probi
858 3647 921 3715 Iup.
960 3664 1023 3700 cum
1041 3648 1122 3716 tegas
1138 3647 1260 3715 Speuyet,
1281 3662 1344 3698 cum
1363 3645 1491 3715 neglegas

354 3735 511 3802 Woelffiiu,
538 3733 690 3802 neglegens
718 3734 837 3791 Ribbeck
873 3735 949 3803 leges
978 3741 1051 3788 teras
1077 3735 1220 3802 Woelfflin
1292 3740 1326 3788 20
1354 3733 1489 3804 cGetiius

352 3832 393 3892 17,
414 3831 459 3890 143
481 3823 644 3877 Macrobius
663 3822 720 3877 Sat.
737 3829 788 3888 2‚7
826 3823 953 3878 beneficii
973 3823 1022 3876 Fa
1058 3823 1132 3878 belle
1153 3823 1193 3876 F:
1214 3823 1288 3876 uelle
1308 3823 1490 3891 Gallaecia,

350 3913 406 3967 cito
428 3910 566 3978 Macrob,
585 3912 657 3964 bene
677 3929 703 3978 σς
729 3912 829 3980 Haupt
848 3914 963 3966 eoutuiit
981 3913 1007 3966 N
1027 3919 1060 3966 60
1133 3919 1166 3966 21
1186 3913 1320 3982 auBart.
1341 3912 1375 3978 cf.
1396 3911 1457 3964 125

351 4017 463 4070 sperare
495 4011 517 4069 u
564 4003 607 4054 est
640 3999 743 4054 crimen
777 4001 907 4068 Iacebat:
940 4017 977 4055 cr.
1006 4019 1029 4055 e.
1059 4001 1140 4069 Fau
1222 4007 1257 4054 24
1289 4014 1312 4068 ψ
1345 4000 1426 4056 Bart.

350 4097 384 4144 25
408 4101 455 4158 au
474 4089 554 4142 Bart.
601 4087 691 4142 ueluti
713 4090 792 4157 Iup:
820 4089 898 4142 uelut
921 4089 1002 4156 Fau
1049 4093 1123 4144 recte
1151 4107 1201 4144 om.
1226 4110 1247 4143 π
1328 4097 1363 4144 26
1387 4107 1427 4143 uo

351 4185 384 4232 27
402 4177 504 4232 absens
527 4176 576 4246 qui
600 4195 628 4232 se
653 4178 809 4246 Woeifftiu:
837 4179 885 4246 qni
908 4179 1008 4232 absens
1028 4179 1064 4244 F,
1088 4197 1114 4247 q.
1134 4180 1193 4234 abs.
1213 4177 1300 4248 etiam
1318 4179 1419 4232 Gruter
1454 4177 1490 4230 ul·

354 4268 420 4323 cisci
438 4270 531 4337 potest
550 4267 665 4337 Spengel
741 4274 775 4322 28
794 4267 863 4320 felix
886 4273 949 4322 autc
967 4268 1043 4335 quod
1062 4268 1098 4338 F,
1125 4271 1296 4338 transposuit
1315 4269 1430 4338 Speupet
1464 4267 1489 4319 Ρ.

350 4358 397 4414 fel.
416 4357 492 4426 quod
510 4357 580 4413 facit
598 4360 695 4412 uotum
715 4358 849 4427 impetrat
866 4356 954 4410 Boibe
1025 4363 1058 4410 29
1078 4359 1203 4412 moratur
1217 4358 1296 4427 Iup:
1317 4359 1379 4412 orat
1397 4357 1428 4409 F
