3352 5138
475 379 660 438 Testimonia:
680 381 795 438 Plinius.
815 379 930 436 Gellius.
949 377 1116 436 Macrobius.
1344 377 1365 441 3

221 553 410 610 consolatione
430 554 457 623 9,
479 553 497 611 5
517 551 681 628 Egregium
705 569 824 609 uersum
850 553 879 608 et
903 551 1037 626 dignum,
1061 549 1111 624 qui
1135 567 1194 608 non
1214 567 1229 606 e
1247 545 1364 622 pulpito

220 643 326 700 exiret:
348 639 448 698 cuiuis
467 643 567 715 potest
585 640 718 699 accidere
737 640 816 714 quod
835 639 972 714 cuiquam
991 640 1102 713 potest!

310 729 480 788 Suetonii
502 721 669 806 (Reliquiae
692 729 733 788 ed.
753 728 963 801 Reifferscheid
988 729 1072 786 1860
1092 746 1124 800 p.
1145 719 1201 805 40)
1222 751 1263 772 =
1283 726 1365 784 Hie·

219 818 360 894 ronymi
384 817 491 876 Obrue.
512 817 623 891 Olymp.
643 819 715 893 184,
736 820 768 876 2:
789 816 970 875 Publilius
989 810 1128 894 (Publius
1149 807 1243 895 codd.)
1263 815 1367 876 mimo·

220 910 354 984 graphus
373 907 494 966 natione
514 905 607 982 Syrus
627 907 738 965 Romae
757 925 873 964 scenam
892 908 976 964 tenet
995 896 1035 983 (a.
1056 896 1143 984 711).

309 996 425 1054 Plinii
449 995 603 1054 Secundi
625 997 689 1055 bist.
711 999 808 1054 autur.
829 996 857 1067 8,
879 997 918 1054 77
940 988 1017 1072 (209
1039 995 1073 1053 de
1091 985 1154 1072 sue)
1179 992 1283 1068 Neque
1307 994 1365 1053 alio

220 1105 255 1144 ex
274 1085 397 1143 animali
418 1085 605 1143 numerosior
626 1084 753 1142 materia
771 1102 893 1159 ganeae.
934 1082 1150 1158 quinquaginta
1173 1100 1264 1157 prope
1283 1101 1367 1157 sapo-

220 1193 277 1246 res,
300 1193 367 1234 cum
390 1173 497 1232 ceteris
522 1174 640 1248 singuli.
684 1173 753 1232 hino
776 1173 977 1231 censoriarum
999 1173 1101 1246 legum
1123 1171 1253 1246 paginae
1276 1171 1367 1229 inter-

220 1263 358 1338 dictaque
377 1263 456 1321 cenis
475 1261 646 1334 abdomina,
671 1262 805 1336 glandia,
828 1262 975 1338 testiculi,
999 1262 1121 1337 uuluae,
1146 1259 1283 1335 sincipita
1302 1279 1367 1318 uer-

219 1353 293 1428 rina,
313 1355 348 1410 ut
366 1355 467 1410 tamen
490 1350 645 1409 Publilii
669 1351 854 1408 mimorum
877 1353 1006 1425 poetae
1031 1368 1111 1426 cena,
1129 1353 1289 1425 postquam
1308 1368 1367 1408 ser-

219 1443 347 1500 uitutem
365 1443 500 1516 exuerat,
524 1440 608 1498 nulla
630 1443 811 1498 memoretur
830 1440 894 1498 siue
913 1439 1082 1516 abdomine,
1107 1439 1198 1498 etiam
1220 1438 1366 1497 uocabulo

222 1530 346 1588 suminis
365 1529 403 1588 ab
423 1548 458 1588 eo
476 1529 614 1605 inposito.

309 1620 361 1695 35,
376 1619 418 1677 58
434 1605 527 1697 (199)
546 1617 616 1676 Alia
631 1619 713 1676 creta
727 1616 899 1694 argentaria
914 1617 1084 1693 appellatur
1097 1615 1224 1676 nitorem
1240 1617 1366 1693 argento

220 1708 357 1768 reddens.
404 1710 450 1765 est
478 1709 509 1765 et
537 1707 694 1780 uilissima,
725 1726 785 1782 qua
813 1707 922 1766 circum
949 1707 1130 1781 praeducere
1158 1705 1196 1765 ad
1224 1705 1367 1765 uictoriae

219 1800 322 1855 notam
340 1796 490 1872 pedesque
508 1795 660 1853 uenalium
684 1799 767 1854 trans
790 1795 886 1854 maria
911 1795 1103 1854 aduectorum
1122 1795 1264 1854 denotare
1282 1793 1367 1853 insti-

220 1889 344 1944 tuerunt
375 1885 503 1964 maiores
535 1886 686 1961 talemque
723 1885 924 1944 Publilium
957 1883 1190 1943 Antiochiam
1222 1877 1368 1962 (loohium

221 1966 314 2056 codd.)
334 1973 470 2033 mimicae
489 1991 613 2033 scaenae
633 1974 816 2033 conditorem
836 1976 867 2032 et
883 1973 1064 2049 astrologiae
1079 1972 1289 2032 consobrinum
1303 1971 1367 2030 eius

220 2063 375 2122 Manilium
395 2063 585 2141 Antiochum,
610 2065 682 2122 item
701 2063 914 2139 grammaticae
933 2061 1104 2130 Staberium
1122 2062 1245 2121 Erotem
1264 2061 1368 2120 eadem

219 2171 297 2212 naue
315 2152 455 2211 aduectos
474 2151 576 2211 uidere
599 2152 712 2227 proaui.
755 2153 807 2211 sed
831 2151 902 2227 quid
926 2151 980 2210 hos
1003 2151 1115 2210 referat
1137 2149 1244 2226 aliquis
1267 2150 1369 2210 litera-

220 2261 288 2300 rum
306 2242 417 2301 honore
437 2241 679 2301 commendatos?
755 2253 767 2280 ⁰
998 2231 1002 2238 ¹
1359 2238 1370 2261 ⁶

308 2329 423 2402 Gellii
446 2330 582 2389 Noctium
604 2327 770 2389 Atticarum
793 2331 860 2389 iibri
880 2331 898 2388 8
924 2331 1027 2403 eapitis
1052 2330 1091 2389 15
1117 2331 1218 2388 amissi
1242 2346 1367 2388 samma-

220 2422 312 2478 riam:
342 2417 455 2487 Quibus
484 2419 578 2477 modis
606 2417 820 2494 ignominiatus
847 2421 1053 2493 tractatusque
1081 2417 1120 2476 sit
1147 2437 1175 2476 a·
1189 2415 1220 2476 Ο.
1241 2415 1368 2476 Caesare

221 2507 367 2567 Laberius
387 2511 488 2582 poeta:
514 2510 604 2582 atque
627 2506 702 2566 inibi
725 2506 853 2582 appositi
876 2525 980 2565 uersus
1006 2525 1095 2582 super
1119 2506 1222 2565 eadem
1240 2526 1273 2566 re
1293 2506 1368 2566 eius·

224 2597 289 2655 dem
312 2596 440 2656 Laberii.
478 2596 557 2670 Quae
570 2599 723 2671 perierant
740 2599 772 2655 ia
791 2597 863 2656 libro
884 2594 980 2663 Gellii,
999 2598 1131 2656 seruauit
1148 2595 1327 2655 Macrobius.

311 2684 453 2744 Gellius
479 2687 590 2759 17,14
614 2685 775 2744 Sententiae
802 2703 835 2744 ee
860 2685 1015 2743 Publilii
1042 2686 1139 2744 mimis
1160 2685 1278 2744 selectae
1301 2685 1368 2758 lepi-

222 2777 324 2834 diores.
366 2774 513 2834 Publilius
541 2773 647 2835 mimos
679 2769 864 2850 scriptitauit
890 2774 1057 2850 dignusque
1081 2774 1203 2833 habitus
1231 2777 1290 2847 est,
1317 2772 1369 2848 qui

222 2883 333 2940 suppar
352 2862 478 2922 Laberio
497 2863 687 2924 iudicaretur.
725 2862 757 2924 O.
776 2865 877 2924 autem
897 2862 1056 2923 Caesarem
1079 2863 1122 2922 ita
1140 2861 1261 2922 Laberii
1279 2863 1369 2920 male-

222 2952 350 3012 dicentia
370 2955 399 3011 et
418 2953 592 3030 arrogantia
610 2953 788 3026 offendebat,
808 2956 843 3013 ut
861 2954 1041 3029 acceptiores
1061 2955 1092 3011 ct
1107 2951 1293 3028 probatiores
1311 2950 1369 3010 sibi

222 3061 287 3101 esse
305 3041 427 3100 Publilii
444 3061 533 3117 quam
552 3041 672 3102 Laberii
695 3043 801 3102 mimos
824 3043 1018 3118 praedicaret.
1054 3041 1143 3100 huius
1161 3040 1285 3100 Publilii
1304 3058 1368 3099 sen-

221 3131 335 3190 tentiae
364 3131 501 3189 feruntur
527 3132 689 3208 pleraeque
716 3132 833 3208 lepidae
861 3134 892 3190 et
920 3132 956 3190 ad
985 3150 1170 3191 communem
1200 3148 1369 3188 sermonum

118 3263 120 3273 .
222 3239 309 3278 usum
329 3221 643 3280 commendatissimae.
678 3241 713 3279 ex
743 3221 850 3296 quibus
875 3223 946 3279 sunt
970 3220 1046 3278 istae
1078 3219 1203 3296 singulis
1229 3218 1366 3278 uersibus

206 3308 471 3384 circumscriptae,
491 3327 564 3383 quas
583 3310 702 3367 libitum
716 3310 814 3368 hercle
830 3312 876 3367 est
890 3308 1075 3376 adscribere:
1094 3311 1252 3381 sequautur
1265 3324 1368 3366 uersus

222 3397 253 3454 M
273 3397 324 3455 54.
348 3397 372 3454 Β
394 3400 443 3456 12.
467 3397 491 3454 P
512 3400 562 3455 11.
582 3397 604 3456 O
625 3400 676 3456 46.
705 3396 855 3476 OliP
876 3399 926 3456 28.
959 3397 987 3454 Η
1008 3400 1058 3458 19.
1085 3397 1109 3455 P
1132 3399 1180 3456 13.
1209 3397 1366 3456 Ι63.16.

222 3485 250 3542 V
271 3488 320 3545 16.
340 3484 369 3542 N
391 3487 418 3544 7.-
438 3487 489 3544 40.
508 3485 532 3542 Ρ
553 3488 604 3546 20.

312 3575 515 3634 Macrobius
540 3573 778 3634 Saturnaliorum
797 3575 836 3649 11,
857 3579 885 3648 7,
906 3579 922 3633 1
951 3573 1008 3634 Sed
1032 3574 1102 3650 quia
1118 3618 1141 3632 ..
1156 3573 1277 3633 Laberii
1299 3574 1368 3634 feci-

223 3683 289 3722 mus
317 3664 511 3740 mentionem,
538 3663 563 3722 si
586 3663 688 3740 aliqua
712 3665 800 3723 huius
824 3667 915 3740 atque
937 3663 1061 3722 Publilii
1089 3663 1168 3722 dicta
1195 3664 1368 3736 referemus,

223 3751 392 3812 uidebimur
410 3756 441 3812 et
459 3753 621 3812 adhibendi
639 3755 775 3813 conuiuio
795 3753 900 3812 mimos
919 3752 1031 3812 uitasse
1049 3753 1201 3812 lasciuiam
1224 3755 1369 3811 ettamen

224 3841 441 3916 celebritatem,
469 3861 558 3918 quam
587 3861 654 3901 cum
680 3843 791 3901 adsunt
817 3842 863 3900 illi
886 3841 1015 3900 excitare
1032 3842 1225 3917 pollicentur,
1248 3841 1369 3900 imitari.

226 3920 260 4009 (ὅ
281 3921 315 4007 2)
335 3930 495 3990 Laberium
514 3949 638 4006 asperae
657 3931 806 3990 libertatis
826 3931 957 4006 equitem
974 3931 1141 3990 Romanum
1157 3929 1267 3989 Caesar
1285 3929 1370 4006 quin-

223 4017 322 4094 gentis
350 4018 470 4078 milibus
498 4020 641 4078 inuitauit
668 4023 703 4078 ut
733 4021 866 4095 prodiret
897 4019 928 4077 in
957 4038 1093 4080 scaenam
1118 4023 1148 4078 et
1171 4019 1235 4094 ipse
1265 4021 1370 4096 ageret

223 4105 329 4165 mimos
353 4126 426 4182 quos
451 4108 649 4183 script'tabat.
693 4109 743 4167 sed
770 4111 904 4185 potestas
931 4128 990 4169 non
1015 4109 1111 4168 solum
1138 4108 1163 4166 si
1185 4108 1294 4167 inuitet
1317 4108 1369 4167 sed

224 4195 316 4254 etiam
339 4195 366 4255 si
390 4197 538 4272 supplicet
560 4197 652 4273 cogit,
678 4198 768 4256 unde*
781 4216 812 4256 se
836 4201 867 4256 et
885 4197 1030 4257 Laberius
1050 4217 1068 4256 a
1087 4195 1215 4257 Caesare
1234 4201 1368 4258 coactum

223 4286 255 4343 in
273 4286 398 4361 prologo
416 4287 547 4344 testatur
564 4286 611 4344 his
629 4287 766 4345 uersibus
867 4283 900 4362 (ξ
921 4279 955 4366 4)
975 4288 1006 4344 in
1028 4287 1095 4362 ipsa
1117 4305 1234 4363 quoque
1253 4285 1370 4345 actione

225 4375 351 4434 subinde
370 4393 410 4447 se,
430 4393 489 4450 qua
506 4377 634 4454 poterat,
651 4376 852 4434 ulciscebatur
870 4376 993 4434 inducto
1008 4377 1114 4435 babitu
1129 4375 1206 4453 Syri,
1220 4375 1272 4451 qui
1285 4375 1371 4433 uelut

225 4463 327 4540 flagris
353 4481 457 4522 caesus
483 4463 735 4541 praeripientique
762 4465 868 4524 similis
895 4465 1081 4524 exclamabat
1110 4459 1210 4540 ‘porro
1237 4464 1368 4534 Quirites

1119 4562 1156 4618 1*
