3352 5138
344 423 387 485 50
815 423 932 481 rubus
951 423 1019 495 syrq
1051 387 1054 394 ‘

433 585 591 670 Perpetuo
615 587 717 653 uincit
740 590 794 672 qui
816 568 919 654 utitur
941 587 1123 653 elementia.
1432 585 1518 650 500

378 693 410 757 Z
428 692 542 758 Plures
565 693 687 759 amicos
710 689 830 760 mensa
844 716 939 778 quam
964 716 1055 758 mens
1079 691 1230 775 concipit.
1433 692 1516 756 670
1574 771 1585 794 ⁰

380 798 406 863 0
429 798 600 864 Prudentis
624 804 674 865 est
695 801 792 866 irasci
814 823 873 865 nec
896 823 967 866 sero
992 805 1024 864 et
1047 799 1153 864 semel.

430 905 493 970 Per
516 929 612 991 quem
635 908 680 972 sis
704 908 810 972 clarus
834 908 884 971 illi
909 907 994 992 quod
1017 907 1063 971 sis
1086 906 1236 989 imputes.

373 1027 407 1076 55
430 1011 558 1078 Poenae
582 1017 633 1079 sat
656 1019 705 1078 est
728 1012 901 1101 quiglaesit
923 1036 996 1079 cum
1020 1013 1155 1096 supplex
1178 1012 1277 1075 uenit.

373 1212 410 1271 Ψ
431 1209 584 1285 Quamuis
607 1231 675 1274 non
696 1213 829 1293 rectum,
852 1209 937 1293 quod
959 1209 1059 1290 iuuat,
1081 1210 1205 1271 rectum
1228 1204 1332 1288 putes'.
1427 1206 1502 1270 501

431 1314 589 1400 Quicquid
612 1338 727 1381 nocere
751 1315 878 1398 dedicit,
901 1315 1049 1379 meminit
1072 1336 1144 1378 cum
1168 1316 1285 1396 potest.

431 1421 493 1498 Qui
515 1422 632 1487 metuit
654 1421 892 1505 contumeliam,
913 1409 990 1486 raro
1011 1421 1137 1504 accipit.
1219 1505 1223 1512 ι
1343 1493 1346 1497 ,

431 1528 534 1603 Quem
558 1531 712 1594 miserum
736 1533 786 1593 est
808 1532 946 1593 mortem
969 1549 1085 1612 cupere
1107 1548 1166 1590 nec
1190 1546 1285 1608 posse
1308 1525 1422 1589 emori.

397 1651 412 1698 5
437 1635 500 1712 Qui
522 1659 582 1719 pro
606 1636 889 1719 innocente‘dicit
914 1635 994 1700 satis
1018 1638 1067 1699 est
1090 1634 1250 1718 eloquens.
1424 1632 1497 1696 505

432 1742 590 1818 Quicum
613 1742 700 1808 dolet
721 1742 896 1826 blanditur,
919 1744 995 1826 post
1016 1745 1145 1824 tempus
1170 1739 1264 1822 sapit.

431 1847 523 1923 Quod
546 1848 663 1912 timeas
687 1847 782 1911 citius
806 1870 903 1932 quam
927 1847 1011 1931 quod
1036 1868 1143 1930 speres
1168 1845 1284 1909 euenit.

430 1952 523 2028 Quod
545 1953 617 2017 uult
640 1953 800 2036 cupiditas
824 1955 955 2038 cogitat,
978 1976 1044 2018 non
1068 1953 1153 2038 quod
1177 1952 1276 2017 decet

430 2059 588 2141 Quicquid
611 2061 747 2142 conaris,
771 2081 833 2143 quo
857 2060 1034 2143 peruenias,
1058 2061 1189 2144 cogites.

374 2183 407 2230 10
431 2165 493 2242 Qui
516 2166 597 2230 bene
620 2165 804 2230 dissimulat
827 2167 921 2230 citius
945 2167 1078 2231 inimico
1101 2174 1205 2230 nocet.
1421 2165 1489 2228 510

430 2271 522 2347 Quod
546 2294 672 2356 semper
695 2275 745 2336 est
766 2274 926 2356 paratum,
950 2295 1017 2337 non
1040 2294 1166 2356 semper
1189 2272 1289 2336 iuuat.

430 2377 659 2464 Quodcumque
682 2380 776 2464 celes,
798 2381 868 2464 ipse
884 2380 953 2445 tibi
976 2380 1036 2444 fias
1059 2381 1166 2444 timor.

430 2484 491 2561 Qui
514 2485 564 2549 ius
587 2487 758 2550 iurandum
782 2489 899 2571 seruat,
925 2486 1040 2571 quouis
1063 2486 1220 2570 peruenit.

430 2591 520 2668 Quod
544 2596 633 2657 aetas
656 2594 774 2658 uitium
796 2595 913 2677 posuit,
937 2598 1027 2657 aetas
1051 2593 1183 2657 auferet.

373 2715 404 2762 15
430 2695 673 2783 Quemcumque
691 2699 817 2784 quaerit
840 2700 1017 2784 calamitas,
1040 2700 1134 2764 facile
1158 2698 1292 2764 inuenit.
1417 2701 1480 2765 515

339 2927 458 2995 aspicit?
477 2927 596 2982 Ribbeck
668 2935 700 2983 51
722 2931 746 2982 Φ
762 2933 806 2993 48,
821 2935 850 2995 ⁷3
874 2948 893 2981 α
907 2930 949 2983 bis
989 2930 1125 2998 perpetuo
1144 2948 1162 2982 α
1182 2929 1230 2982 bis.
1253 2931 1284 2996 Φ,
1303 2930 1432 2998 perpetue
1451 2929 1480 2982 F

375 3015 454 3069 elem.
474 3033 552 3084 perp.
571 3017 643 3070 uine.
663 3016 712 3085 qui
729 3019 769 3070 ut.
790 3020 814 3069 Φ

411 3104 504 3173 241⁷)
523 3107 602 3160 habet
623 3123 650 3159 u.
672 3111 713 3159 52.
734 3111 776 3160 33.
796 3111 839 3159 34.
859 3111 901 3159 40.
921 3112 946 3159 3.
966 3113 983 3159 4
1056 3112 1089 3160 52
1109 3107 1173 3176 plus
1193 3106 1299 3160 amicus
1317 3112 1343 3160 et
1362 3106 1474 3176 concipit

338 3194 413 3247 bona
429 3193 460 3259 Τ,
471 3210 539 3250 corr.
550 3195 696 3249 Buecheler
769 3195 792 3248 0
809 3197 888 3250 tabet
906 3213 933 3249 a.
949 3201 991 3251 40.
1002 3201 1044 3250 43.
1056 3203 1097 3250 53.
1117 3202 1159 3251 54.
1173 3201 1208 3250 55
1291 3202 1323 3249 53
1346 3196 1367 3250 0
1386 3202 1409 3264 9,
1428 3202 1439 3248 1

338 3298 390 3336 nec
408 3281 508 3336 Halm:
527 3283 599 3337 etO
681 3289 715 3338 54
736 3284 759 3338 0
778 3291 856 3354 21,4
902 3285 977 3354 quod
995 3285 1033 3340 sis
1050 3285 1094 3340 illi
1115 3285 1145 3353 0,
1170 3283 1215 3338 illi
1233 3285 1309 3352 quod
1328 3284 1365 3338 sis
1386 3285 1472 3353 Meyer

338 3373 382 3424 uel
405 3374 512 3439 (collato
535 3389 617 3427 uersa
639 3373 661 3426 Ρ
685 3380 719 3426 23
738 3390 788 3443 per
806 3391 878 3442 quae
897 3375 935 3428 sis
957 3376 1049 3444 tutus,
1072 3375 1122 3428 illa
1145 3390 1254 3441 semper
1277 3373 1406 3442 cogites):
1427 3388 1471 3441 per

339 3476 411 3527 quae
430 3479 450 3515 a
471 3462 504 3516 cl.
524 3462 599 3529 quod
618 3461 655 3516 sis
673 3462 730 3516 illis
748 3462 815 3532 imp.
888 3469 922 3516 55
943 3463 965 3516 0
985 3469 1027 3530 22,
1046 3471 1062 3516 2
1099 3465 1189 3533 (pene,
1209 3460 1307 3531 suplex
1327 3461 1364 3529 01

411 3549 441 3599 Ψ
465 3547 518 3615 (F)
544 3550 623 3603 habet
648 3552 692 3619 (aa
716 3552 755 3619 Σ)
780 3556 814 3604 22
839 3551 1145 3625 εεηίιπίέαεΛὯυίᾶαιη
1170 3552 1305 3620 quosdam
1331 3549 1427 3604 occidit
1442 3591 1467 3604 ..

339 3636 442 3701 Quanti
459 3638 532 3691 tales
552 3637 599 3705 ..'‚
618 3638 715 3692 aiace
733 3640 776 3707 (ex
795 3641 850 3706 11):
870 3628 1007 3696 F1-ee'
1036 3653 1059 3709 o
1078 3643 1122 3707 (ea
1141 3643 1185 3708 Ψ)
1204 3646 1228 3693 2.
1244 3646 1268 3692 s.
1283 3646 1308 3692 4.
1326 3645 1366 3693 ro.
1383 3645 1417 3692 re.
1431 3643 1466 3692 20.

339 3731 380 3780 21.
401 3731 442 3779 22.
463 3731 505 3782 24.
524 3731 567 3780 25.
587 3733 629 3782 28.
650 3733 692 3781 29.
712 3733 754 3782 31.
774 3733 816 3782 32.
837 3733 878 3781 36.
898 3718 1003 3812 411142.
1023 3734 1065 3783 46.
1084 3734 1127 3782 41.
1148 3734 1189 3782 55.
1210 3733 1251 3782 56,
1272 3733 1314 3781 58.
1335 3733 1377 3781 60.
1398 3726 1465 3780 Bari.

338 3815 418 3868 hauet
436 3817 551 3882 cosam,
570 3818 676 3870 omissis
694 3821 735 3870 22.
756 3821 798 3872 25.
818 3823 860 3872 29.
881 3812 923 3870 ea
943 3822 986 3872 41.
1006 3823 1048 3871 42.
1068 3824 1111 3873 46.
1131 3823 1173 3871 11.
1194 3822 1236 3872 55.
1257 3823 1291 3870 co
1336 3835 1357 3868 n
1376 3819 1463 3870 2141.

339 3907 380 3954 54.
401 3909 441 3958 60.
463 3909 504 3957 c1.
543 3904 620 3969 Quae
640 3906 704 3958 sunt
721 3904 860 3958 maximae
878 3903 1014 3959 diuitiae?
1037 3921 1214 3974 nuncupere
1237 3903 1370 3958 diuitias?
1394 3909 1413 3956 1.
1429 3909 1462 3956 20.

338 3997 380 4044 24.
400 3997 442 4044 31.
462 3997 504 4044 44.
524 3996 567 4045 48.
582 3997 616 4046 56
689 3999 703 4045 1
724 3993 798 4060 quod
816 3993 897 4048 iuuat
914 3993 1028 4048 Gruter:
1047 3995 1123 4062 quod
1141 3993 1257 4047 adiuuat
1275 3992 1312 4061 F,
1330 4007 1409 4060 quom
1424 3991 1462 4044 ad·

336 4081 417 4134 iuuat
434 4080 581 4147 Baehrens,
601 4081 693 4148 quoad
710 4081 792 4136 iuuat
815 4082 959 4151 Woelfflin
1036 4083 1193 4152 2qBart.
1234 4081 1361 4151 quisquis
1379 4093 1406 4150 q,
1425 4079 1462 4133 chi

337 4168 417 4221 Bort.
498 4170 620 4237 3Φ48,
641 4175 681 4223 10.
700 4182 730 4239 ψ.
750 4171 831 4226 Bart.
874 4171 1072 4226 contumeliam
1090 4171 1205 4242 semper
1223 4189 1256 4226 ac
1276 4173 1312 4223 Φε
1337 4169 1460 4225 calamita·

337 4258 396 4308 tem
414 4256 557 4324 FqBart.
604 4258 707 4327 accipit
728 4259 903 4314 iniuriam&
984 4264 1050 4327 4ψ.
1074 4259 1155 4317 Bart.
1202 4259 1290 4316 emori
1308 4260 1385 4329 Iup:
1405 4257 1460 4312 mori

338 4342 393 4410 Fu
466 4350 518 4422 qn
555 4346 588 4402 el.
609 4348 686 4400 esta
758 4355 857 4404 trac
928 4354 980 4402 8σ
1056 4354 1107 4402 91
1143 4348 1249 4404 coneris
1268 4349 1384 4418 Speupel
1411 4363 1458 4416 per-

337 4431 467 4485 ueniato
547 4441 580 4488 10
599 4435 732 4503 oeqBort.
775 4453 836 4491 noe.
855 4437 974 4504 inimo
1054 4443 1085 4490 11
1105 4438 1185 4492 iuuat
1202 4438 1265 4507 Iup.
1285 4437 1406 4492 uiuatF

339 4527 371 4574 12
390 4521 482 4575 caeles
501 4521 532 4574 F
607 4529 640 4576 14
659 4541 697 4577 κσ
737 4524 848 4578 initium
866 4525 1031 4595 apposuitc
1070 4525 1161 4580 aufert
1178 4545 1195 4580 κ
1274 4531 1306 4580 15
1328 4526 1354 4579 T
1385 4542 1456 4594 quoio.
