3352 5138
679 362 847 421 Sententiae.

279 527 403 593 Nocere
426 548 522 611 posse
546 529 578 590 et
601 527 687 591 nolle
699 529 781 591 -laus
806 525 1006 608 amplissima
1030 519 1099 588 est'

279 635 355 700 Non
377 633 518 697 uincitur
542 633 597 697 sed
621 633 814 717 uincit‚wqui
839 631 923 695 cedit
946 631 1021 695 suis.

279 741 465 806 Necessitas
490 740 546 804 dat
567 741 688 824 legem,
710 762 777 803 non
799 739 872 823 ipsa
896 738 1021 821 accipit.
1149 824 1152 830 Ι

281 847 400 913 Nescio
425 847 501 931 quid
526 845 649 931 agitatr
667 867 748 928 cum
763 846 884 910 bonum
906 845 1053 908 imitatur
1075 845 1189 908 malus.
1271 845 1336 907 400
1428 836 1432 843 ’

222 973 257 1021 25
280 954 379 1019 Nulla
401 953 570 1019 hominum
594 952 698 1017 maior
720 973 831 1034 poena
850 955 899 1015 est
922 973 1019 1034 quam
1043 951 1226 1015 infelicitas.

281 1060 358 1126 Non
380 1060 473 1125 nouit
496 1059 598 1124 uirtus
623 1058 801 1122 calamitati
825 1058 944 1122 cedere.

284 1167 469 1234 Necessitas
493 1165 534 1230 ab
558 1165 688 1230 homine
712 1187 794 1249 quae
817 1165 888 1228 uult
906 1165 1068 1248 impetrat.

281 1273 476 1340 Necessitati
500 1273 666 1357 quodlibet
688 1271 791 1336 telum
814 1272 894 1336 utile
919 1276 975 1336 est.

282 1383 406 1447 Nocere
430 1402 523 1444 casus
546 1400 612 1444 non
636 1379 719 1443 solet
741 1378 951 1443 constantiae.
1273 1379 1339 1442 405

219 1501 261 1554 ‘30
285 1487 361 1554 Non
384 1491 461 1571 pote
484 1508 550 1551 non
574 1507 685 1568 sapere
709 1486 763 1569 qui
787 1507 820 1549 se
845 1486 981 1550 stultum
1004 1485 1173 1570 intellegit.

182 1660 185 1664 .
284 1595 471 1661 Necessitas
495 1595 642 1678 egentem
666 1592 852 1656 mendacem
875 1592 962 1657 facit.

282 1702 356 1767 Non
379 1701 473 1765 facile
498 1700 587 1764 solus
611 1721 719 1764 scrues
745 1701 829 1784 quod
853 1693 963 1764 multis
986 1701 1099 1784 placet.

283 1809 469 1874 Necessitas
494 1807 578 1890 quod
602 1807 708 1890 poscit
730 1807 794 1870 nisi
818 1807 872 1871 des
898 1808 1003 1891 eripit.

198 1992 206 2006 .
285 1916 412 1982 Nocens
436 1917 599 1998 precatur,
622 1914 777 1978 innocens
801 1914 959 1980 irascitur.
1275 1915 1341 1978 410

227 2040 261 2090 35
285 2024 353 2088 Nec
376 2024 445 2086 uita
467 2020 680 2085 nec·f0rtuna
702 2021 834 2104 propria
858 2025 907 2085 est
929 2021 1123 2086 hominibus.

285 2129 360 2195 Non
384 2150 510 2212 semper
533 2150 643 2192 aurem
666 2127 794 2192 facilem
818 2127 918 2192 habet
940 2127 1100 2193 Felicitas

217 2219 222 2230 ⁸
284 2237 468 2320 Numquam
491 2258 559 2300 non
583 2236 680 2299 miser
704 2239 754 2299 est
778 2236 832 2320 qui
856 2235 941 2320 quod
963 2237 1077 2300 timeat
1100 2238 1231 2321 cogitat.

285 2342 330 2406 Ni
354 2343 409 2426 qui
433 2342 494 2406 scit
517 2341 622 2406 facere
646 2341 780 2407 insidias
804 2343 908 2406 nescit
930 2346 1080 2406 metuere.

286 2448 396 2533 Negat
419 2448 481 2512 sibi
503 2449 582 2531 ipse,
605 2449 660 2532 qui
683 2449 768 2532 quod
792 2447 995 2513 difficile-est
1017 2451 1107 2533 petit.
1276 2451 1342 2512 415

229 2573 263 2620 40
287 2555 432 2619 Nimium
458 2554 643 2619 altercando
668 2555 787 2618 ueritas
812 2555 982 2620 amittitur.
1036 2560 1039 2564 ’

287 2661 385 2726 Nullo
409 2662 443 2724 in
466 2661 538 2725 loco
562 2661 644 2725 male
669 2660 760 2725 audit
783 2661 1011 2734 misericordia.

290 2766 472 2831 Necessitas
497 2766 582 2851 quod
606 2768 703 2850 celat,
726 2767 848 2831 frustra
872 2769 1044 2851 quaeritur.

288 2874 474 2939 Necessitas
498 2897 594 2958 quam
618 2874 769 2957 pertinax
793 2896 929 2960 regnum
952 2879 1049 2941 tenet.

235 3158 291 3217 fuit
309 3159 422 3212 Gruter:
441 3157 473 3210 fit
492 3156 528 3225 F,
547 3156 624 3224 sica
697 3163 730 3210 21
753 3158 803 3226 Τψ
822 3158 903 3214 Burt.
941 3158 1344 3228 ampl.est1u9.:e.a.Frp

236 3247 348 3300 laudem
378 3245 433 3299 sibi
465 3247 613 3315 praeparat
638 3244 807 3313 ampliorem
843 3247 868 3298 1¹-
938 3253 971 3299 22
999 3260 1043 3315 uu
1069 3247 1150 3302 Burt.
1188 3246 1265 3302 cedit
1291 3248 1347 3302 suis

202 3334 316 3387 Gruter:
336 3353 356 3388 s.
377 3350 400 3387 c.
420 3334 497 3401 Fau
534 3335 600 3401 post
618 3339 651 3386 22
671 3345 694 3399 ψ
714 3335 804 3402 (Bart.
827 3336 888 3403 173)
911 3335 990 3389 tabet
1008 3352 1063 3389 non
1082 3337 1124 3389 est
1145 3337 1217 3390 mori
1236 3337 1285 3390 sed
1304 3336 1346 3391 ui-

202 3441 267 3478 uere
282 3423 392 3478 fortiter
406 3421 555 3490 pugnando
570 3423 734 3476 occumbere
807 3428 842 3475 24
860 3435 882 3491 ψ
897 3423 977 3479 Bart.
1016 3424 1108 3493 agitat
1122 3424 1220 3479 Bothe:
1239 3426 1348 3496 cogitat

203 3513 233 3565 F
241 3525 264 3580 ψ
284 3513 364 3568 Bart.
437 3515 471 3563 25
494 3511 518 3562 T
552 3508 660 3564 homini
680 3510 824 3578 Woelfflin
842 3517 867 3564 ct
886 3511 1039 3566 necessitas
1053 3513 1153 3581 Haupt
1171 3529 1204 3567 eu
1220 3514 1245 3566 T
1259 3510 1349 3568 ‘nulla

202 3603 245 3654 est
263 3600 353 3654 maior
371 3597 478 3652 homini
494 3614 593 3666 poena.
622 3614 705 3665 quam
719 3598 892 3653 necessitatis
906 3599 1024 3669 inopia’.
1098 3607 1131 3654 26
1150 3613 1172 3666 ψ
1191 3602 1272 3656 Bart.

201 3695 235 3741 27
256 3689 375 3757 chiaus
398 3689 471 3742 iuter
488 3690 653 3758 prouertu,
680 3689 762 3742 Bart.
789 3695 839 3742 136
912 3695 987 3757 230
1010 3689 1091 3744 Burt.
1119 3697 1168 3744 176
1241 3697 1276 3746 30
1295 3703 1348 3758 cap

202 3777 282 3830 Bart.
320 3779 414 3847 potest
433 3777 512 3847 Fau
586 3784 618 3832 31
639 3779 748 3844 abiae
820 3783 853 3832 32
874 3779 945 3832 ubis
981 3777 1076 3832 multis
1095 3778 1200 3847 placet:
1219 3779 1289 3833 utile
1304 3782 1348 3834 est

204 3886 220 3918 u
240 3866 325 3920 altero
348 3867 404 3920 loco
476 3874 509 3922 33
540 3867 588 3922 des
613 3867 769 3934 Woelfflin:
797 3866 931 3921 desidetis
950 3867 980 3919 F
1050 3871 1083 3920 35
1103 3886 1122 3919 u
1145 3867 1259 3937 propria
1275 3868 1348 3922 Bue-

204 3955 289 4008 cheler
308 3955 438 4024 Speuqet:
457 3958 593 4026 perpetua
611 3957 663 4009 Fu
700 3956 859 4010 hominibus
884 3973 985 4026 perpes
1009 3959 1056 4017 est¹
1072 3955 1174 4010 Gruter
1246 3963 1280 4011 36
1300 3958 1348 4012 Fe·

205 4043 297 4097 licitas
318 4043 430 4098 Gruter:
450 4045 571 4099 facilitas
591 4045 621 4097 F
656 4043 777 4099 facilitas
798 4047 883 4100 habet
897 4046 1000 4116 Meyer,
1019 4043 1116 4100 faciles
1131 4045 1252 4102 facilitas
1267 4063 1348 4101 aures

204 4132 231 4185 h.
252 4131 343 4185 Luchs
414 4138 447 4185 37
471 4133 571 4187 timeat
594 4135 671 4202 Iup:
699 4133 781 4187 timet
800 4135 830 4186 F
900 4142 933 4188 38
958 4135 1081 4202 pBart.
1117 4134 1172 4189 nisi
1194 4135 1314 4190 Ribbeck

203 4218 523 4286 insidiasom.uBart.
597 4228 630 4274 39
651 4225 770 4289 Φ1,13.
791 4223 936 4292 φ53,110
971 4222 1099 4293 sibiipsa
1119 4223 1259 4292 Φπθ(3.τ
1279 4227 1350 4294 tl5?):

205 4307 265 4378 ipse
285 4308 339 4364 sibi
358 4329 383 4376 κ,
403 4308 456 4363 sibi
475 4309 531 4378 ipsi
549 4309 578 4377 S,
598 4310 652 4364 sibi
671 4310 701 4363 F
772 4318 806 4366 40
827 4311 907 4380 024,
928 4319 942 4366 1
962 4325 1008 4380 cu
1027 4314 1107 4367 Bart.
1128 4312 1234 4367 Gellius
1251 4320 1291 4379 17,
1309 4321 1348 4368 14.

208 4399 333 4452 Macrob.
353 4404 404 4454 sat.
424 4405 448 4466 2,
469 4406 492 4453 7.
530 4400 638 4454 Bartol.
658 4402 690 4455 de
704 4401 764 4456 Suu
780 4401 930 4456 Goucordio
944 4403 1106 4457 Aurmacstr.
1121 4402 1184 4455 dist.
1199 4409 1243 4471 36,
1259 4409 1301 4471 16,
1318 4408 1349 4456 12

242 4487 415 4542 aduersando
432 4485 454 4541 0
469 4487 604 4543 euertitur
622 4489 677 4558 Fu
692 4491 759 4559 (uou
774 4493 811 4559 α),
831 4491 855 4544 si
874 4491 959 4561 perde
974 4493 1049 4548 Bart.
1122 4497 1155 4546 41
1176 4491 1254 4546 1111113
1272 4492 1351 4560 Iup:
