3352 5138
328 336 371 400 20
801 333 917 391 Publilii
936 335 999 405 Syri

415 515 582 582 Auxilium
605 517 787 603 profligatis
811 518 1007 582 contumelia
1030 522 1101 583 est·

358 638 393 688 45
416 625 438 705 †
461 623 600 690 Affatim
623 624 723 709 inqua
745 624 877 690 fortuna
899 625 997 710 longe
1019 647 1087 690 non
1110 624 1211 689 habet
1233 623 1407 688 interitum.

415 730 527 796 Auero
552 731 668 796 acerba
690 753 796 816 pocus
817 733 936 796 natura
959 735 1009 796 est
1032 755 1100 797 suo.

416 837 526 902 Auaro
550 859 616 902 non
640 842 690 902 est
712 837 789 923 uita,
813 839 869 903 sed
893 860 981 903 mors
1004 829 1145 923 longior.

417 945 438 1024 †
461 943 612 1010 Alienum
627 946 681 1029 qui
697 945 834 1029 suscipit
848 967 979 1010 causam
995 949 1097 1010 semei
1112 944 1263 1009 oriminut
1277 965 1346 1008 esse
1360 963 1480 1008 rerum.

415 1047 559 1116 Assidua
582 1053 612 1117 ei
636 1056 712 1116 sunt
734 1056 914 1137 tormenta,
931 1053 987 1138 qui
1011 1075 1044 1118 se
1068 1053 1176 1138 ipsum
1198 1052 1302 1116 timet.

331 1143 334 1150 ³
359 1173 393 1223 50
416 1158 536 1224 Animo
560 1158 728 1243 imperatu
751 1181 792 1224 ne
815 1159 877 1224 tibi
900 1160 1027 1224 animus
1050 1159 1196 1244 imperet.

415 1263 536 1331 Animo
559 1267 728 1351 uentrique.
751 1267 910 1350 imperare
935 1266 1038 1352 debet,
1061 1268 1116 1352 qui
1138 1267 1225 1352 frugi
1248 1288 1318 1331 esse
1341 1267 1420 1331 uult.

364 1370 391 1436 0
412 1370 520 1458 Aegre
543 1374 727 1458 reprendas,
750 1373 835 1458 quod
859 1373 945 1438 sinos
970 1395 1186 1440 consuescere.
1311 1366 1314 1371 ’

392 1478 531 1545 ⁴Amico
555 1480 649 1544 firmo
672 1480 755 1544 nihil
779 1481 840 1545 emi
863 1481 981 1546 melius
1004 1483 1122 1566 potest.

714 1586 847 1652 Publilii
868 1608 930 1653 esse
951 1589 1097 1653 uideuiur

368 1716 394 1776 φ
417 1693 541 1758 Amicis
564 1693 611 1758 ita
633 1694 795 1779 prodesto,
818 1717 860 1759 ne
883 1717 999 1760 noceas
1022 1696 1092 1759 tibi.

352 1815 392 1882 55
416 1798 545 1865 Auarus
569 1801 696 1866 animus
719 1801 810 1866 nullo
835 1803 973 1866 satiatur
994 1803 1092 1867 lucro.

408 1907 523 1972 Amici
546 1929 653 1974 mores
676 1909 816 1994 noueris,
839 1931 907 1974 non
931 1908 1044 1978 oderis.

363 2123 397 2182 Σ
418 2118 474 2185 Bis
497 2120 555 2185 fiet
577 2125 716 2206 gratum,
740 2121 824 2207 quod
848 2143 928 2206 opus
953 2125 1010 2208 est,
1035 2122 1062 2187 si
1085 2122 1171 2188 ultro
1196 2122 1320 2188 offerus.

328 2301 540 2309 ,μ’-..-

329 2403 456 2459 socordia
489 2405 526 2458 M
623 2408 659 2458 44
691 2421 752 2459 aur.
781 2422 821 2474 pr.
857 2403 905 2472 qui
935 2402 1035 2459 nititur
1067 2403 1134 2458 dare
1167 2405 1367 2460 contumeliam
1398 2405 1477 2460 uide-

328 2495 373 2548 tur
396 2493 524 2565 ingerere
548 2494 594 2565 M,
619 2498 687 2549 corr.
707 2494 854 2550 Buecheler
879 2501 904 2550 et
926 2493 1043 2564 Speupel
1120 2500 1154 2548 45
1178 2494 1224 2550 aff.
1249 2511 1341 2564 aequo
1364 2495 1388 2549 si
1413 2495 1477 2550 fort.

328 2584 434 2655 Meyer¹
459 2583 504 2641 aff.
524 2585 548 2638 si
572 2583 616 2638 cui
639 2584 658 2638 f.
680 2582 784 2650 Okrist,
809 2583 854 2638 off.
879 2583 903 2637 si
926 2583 992 2652 quoi
1014 2582 1156 2637 fortunast
1178 2583 1298 2639 Ribbeck
1338 2584 1381 2639 int
1403 2603 1430 2639 n.
1450 2586 1477 2639 h.

329 2673 423 2744 Meyer
494 2679 529 2752 43
548 2690 592 2728 ou.
612 2671 732 2727 crudelis
755 2689 854 2742 poena.
878 2689 929 2727 sua
952 2671 1078 2741 profecto
1101 2674 1203 2727 nutura
1223 2673 1268 2739 M,
1293 2689 1361 2730 corr.
1381 2673 1477 2744 Meyer

398 2766 432 2816 47
453 2779 538 2818 auaro
554 2763 661 2833 Meyer:
681 2778 782 2816 auarus
797 2761 835 2814 M
866 2777 923 2816 non
942 2762 984 2816 est
997 2761 1058 2816 uita
1071 2762 1233 2817 Bueckeler:
1253 2779 1309 2818 non
1323 2762 1384 2817 nitu
1398 2763 1478 2818 uiuet

329 2851 367 2904 M
401 2851 451 2905 sed
474 2853 564 2907 morte
588 2852 698 2922 longior
721 2850 859 2921 torpescit
884 2851 934 2917 M,
960 2867 1029 2905 corr.
1050 2851 1147 2921 Meyer
1225 2856 1259 2905 48
1284 2851 1405 2907 alienum
1428 2852 1478 2922 qui

328 2941 391 3004 oret
414 2955 540 3010 causam,
565 2957 594 2996 se
618 2931 715 3010 culpat
737 2955 816 2993 reum
837 2940 940 2994 Meiser
1016 2945 1050 2994 49
1070 2957 1100 2994 se
1120 2941 1232 3012 Meyer:
1257 2942 1346 2996 semet
1370 2942 1408 2995 M

330 3033 364 3081 50
382 3027 520 3097 imperato
538 3046 574 3084 ne
594 3030 703 3099 Meyer:
723 3030 880 3099 imperante
901 3029 945 3096 M,
963 3027 994 3082 ni
1012 3028 1165 3098 imperabis
1183 3029 1304 3086 Ribbeck
1344 3047 1388 3086 en.
1408 3031 1475 3100 imp.
1516 3059 1519 3062 ·

327 3116 421 3186 potius
440 3118 494 3174 tibi
513 3121 551 3173 M
568 3120 722 3189 (Ribbeck),
746 3117 841 3188 potius
859 3119 910 3173 del.
931 3119 1041 3189 Meyer,
1065 3118 1119 3174 tibi
1137 3136 1182 3174 an.
1202 3119 1269 3190 imp.
1289 3119 1405 3190 Speupel

329 3211 361 3260 51
381 3209 529 3277 nentrique
548 3211 597 3268 del.
617 3209 733 3279 Speupel
803 3208 867 3264 uult
887 3208 996 3279 Meyer:
1015 3209 1083 3263 ibet
1102 3209 1140 3262 M

402 3297 425 3351 O
443 3299 522 3354 kabel
540 3315 635 3354 uerrue
653 3305 677 3354 2.
693 3303 736 3353 52.
756 3304 789 3353 53
863 3302 896 3352 52
918 3297 941 3351 O
958 3298 1006 3365 fol.
1023 3303 1056 3352 10
1075 3299 1124 3353 col.
1139 3305 1156 3352 4
1175 3299 1363 3370 Hieronymus
1381 3299 1482 3369 Epist.¹

329 3387 550 3442 eilLueiam107
572 3387 652 3458 ‘Legi
671 3387 813 3457 quondum
831 3387 861 3442 in
879 3386 982 3442 scholis
999 3404 1082 3456 puer:
1102 3389 1197 3460 oegre'
1214 3394 1261 3444 ele.
1304 3405 1371 3459 egre
1385 3405 1476 3458 repre-

327 3475 479 3530 hendasO
556 3482 589 3531 53
611 3476 634 3530 O
653 3482 730 3544 25,3
754 3476 839 3531 nilo
912 3482 946 3531 54
966 3497 987 3544 φ
1007 3483 1041 3530 45
1083 3476 1174 3532 amico
1199 3483 1224 3532 et
1246 3475 1300 3531 tibi
1323 3494 1425 3532 noceas
1445 3498 1477 3546 φ,

227 3607 233 3620 .
328 3565 406 3635 prod.
431 3564 529 3620 amicis
552 3566 608 3633 ito,
630 3582 664 3620 ne
687 3584 715 3621 n.
733 3569 754 3621 t.
773 3565 893 3621 Ribbeck
916 3583 980 3635 app.
1000 3572 1051 3620 283
1130 3571 1163 3620 55
1185 3567 1313 3622 Seneca
1337 3569 1413 3638 epici.
1433 3574 1477 3636 94,

328 3661 377 3722 43;
396 3655 431 3722 ef.
449 3655 617 3710 Testimouiu
640 3656 672 3709 ele
691 3655 812 3709 Publilio
889 3660 923 3709 56
942 3654 1159 3726 Porphyrion
1182 3657 1220 3712 erl
1242 3657 1358 3711 Horatii
1376 3657 1434 3713 Sui.
1455 3657 1476 3725 I,

329 3751 355 3814 3,
375 3751 408 3799 32
428 3744 599 3814 praecipitur
617 3741 669 3814 pe'r
686 3743 879 3814 prouerbium:
899 3762 924 3799 s.
943 3763 979 3799 m.
998 3764 1025 3800 n.
1045 3764 1071 3800 n.
1092 3747 1137 3801 od.

401 3837 428 3888 Σ
442 3833 590 3903 (PBRA)
604 3835 682 3888 kabel
695 3850 791 3889 uersus
807 3840 906 3902 1-35;
927 3837 1043 3903 (10-13
1063 3835 1161 3905 om.B)
1203 3853 1236 3890 ex
1254 3840 1282 3890 Σ
1298 3837 1389 3892 kabel:
1415 3836 1476 3891 01.

330 3932 353 3981 7.
374 3930 398 3980 9.
418 3930 461 3977 21.
481 3930 522 3978 23.
543 3929 567 3976 4.
589 3930 613 3980 6.
635 3929 675 3977 10.
697 3930 738 3980 11.
759 3930 800 3978 14.
826 3929 937 3980 18-20.
962 3932 1005 3981 27.
1030 3931 1072 3979 26.
1097 3932 1139 3979 30.
1165 3931 1206 3980 31.
1231 3932 1273 3980 33.
1294 3933 1336 3980 34.
1360 3933 1385 3980 3.
1406 3931 1431 3981 5.
1451 3932 1475 3982 8.

329 4021 372 4069 35.
392 4019 434 4067 22.
455 4019 497 4067 16.
517 4017 559 4067 24.
581 4017 622 4066 18.
642 4019 684 4067 29.
705 4019 751 4080 13;
771 4013 793 4068 S
813 4021 834 4068 1.
856 4020 880 4068 7.
900 4019 924 4068 9.
944 4020 987 4071 21.
1007 4021 1048 4068 23.
1065 4020 1089 4068 2.
1105 4021 1129 4068 4.
1146 4021 1170 4070 6.
1188 4021 1229 4069 10.
1246 4022 1287 4070 11,
1305 4021 1345 4070 14.
1362 4021 1475 4071 18-20.

329 4108 372 4156 34.
391 4108 434 4156 27.
454 4107 497 4154 33.
517 4107 541 4156 3.
562 4107 586 4156 5.
607 4108 631 4156 8.
653 4108 694 4157 12.
716 4108 757 4157 15.
777 4108 820 4157 35.
840 4109 882 4156 22.
902 4109 945 4157 24.
964 4109 1006 4158 26.
1027 4109 1069 4156 25.
1089 4110 1131 4158 30.
1151 4111 1195 4157 32.
1215 4111 1257 4159 31.
1278 4112 1319 4160 16.
1341 4112 1387 4173 13;
1408 4106 1434 4158 Z
1451 4111 1476 4159 5.

330 4197 371 4244 12.
392 4197 433 4246 17.
455 4197 531 4246 1-3.
556 4197 580 4245 7.
600 4197 624 4246 9.
646 4199 686 4246 10.
708 4198 748 4248 11.
774 4198 815 4247 14.
837 4198 877 4246 15.
902 4198 927 4246 4.
949 4199 990 4248 19.
1014 4197 1128 4248 21—24.
1153 4199 1195 4247 27.
1215 4199 1257 4249 29.
1282 4200 1324 4248 33.
1344 4200 1385 4248 31.
1406 4200 1440 4248 35
1541 4248 1543 4254 .

330 4281 487 4348 Ψ(εωΣ)ε
512 4279 786 4337 14471-35-25.
806 4287 920 4336 27—29.
940 4286 982 4336 26.
1002 4286 1107 4335 30-35
1186 4283 1259 4336 1M
1298 4283 1347 4337 fiet
1366 4285 1477 4354 Meyer:

329 4370 362 4423 fii
377 4371 421 4438 M,
441 4372 484 4424 est
498 4369 672 4441 POEASZ,
691 4373 721 4426 et
736 4370 814 4424 Pru
849 4371 961 4440 gratum
981 4369 1063 4425 estO'
1078 4369 1295 4426 Bouileeodel.
1333 4389 1389 4440 quo
1409 4372 1476 4427 doio

328 4476 373 4528 op.
392 4460 482 4515 Beuil.
524 4461 600 4516 ultro
625 4460 649 4516 si
672 4463 710 4530 (κ)
730 4461 867 4515 Erasmus
908 4457 1023 4514 ultreS
1063 4459 1176 4516 offeras:
1200 4462 1238 4515 sit
1261 4460 1359 4515 dutum
1378 4461 1444 4514 RV
