3352 5138
716 330 886 387 Sententiae.

316 494 463 560 Fortuna
486 495 599 560 obesse
622 495 703 558 nulli
727 497 881 559 contenta
904 496 953 558 est
976 493 1085 558 semel.

315 601 450 667 Fulmen
474 605 533 685 est,
556 601 613 666 ubi
637 623 710 664 cum
732 603 892 684 potestate
915 599 1044 664 habitat
1066 599 1241 664 iracundia.

257 725 291 774 ao
314 708 461 793 Frustra,
494 730 567 773 cum
596 708 637 772 ad
665 710 827 772 senectam
856 709 989 771 uentum
1013 707 1079 789 est,
1111 708 1239 789 repetas
1268 706 1375 770 adule-

867 814 1033 878 scentiam.
1312 812 1376 878 185

315 922 449 989 Falsum
473 922 703 988 maledictum
726 922 914 986 maliuolum
938 921 1141 986 mendacium
1165 924 1224 986 est

316 1030 470 1096 Feminae
493 1034 643 1096 naturam
666 1049 778 1114 regere
801 1029 971 1114 desperare
995 1032 1045 1093 est
1068 1029 1179 1094 otium.

317 1135 415 1202 Feras
440 1137 583 1204 difficilia
606 1141 643 1202 ut
665 1135 774 1202 facilia
797 1137 949 1220 perferas.

316 1242 462 1310 Fortuna
485 1245 589 1310 uitrsa
612 1247 675 1309 eet:
698 1247 767 1308 tum
792 1265 864 1308 cum
888 1243 1036 1328 splendet
1058 1242 1229 1328 frangitur.

259 1364 301 1413 25'
316 1349 415 1415 Feras
439 1351 524 1436 quod
547 1350 647 1415 laedit
669 1353 706 1416 ut
728 1350 813 1435 quod
837 1349 969 1434 prodest
991 1350 1144 1436 perferas.
1313 1351 1376 1415 190

316 1457 410 1523 Facit
433 1458 569 1544 gradum
592 1453 746 1541 Fortuna,
770 1479 865 1543 quem
888 1479 984 1522 nemo
1007 1457 1103 1521 uidet.

315 1564 460 1630 Fortuna
483 1565 517 1630 in
539 1565 670 1630 homine
692 1565 765 1648 plus
789 1586 886 1649 quam
910 1563 1082 1630 consilium
1106 1564 1202 1630 ualet.

259 1677 297 1736 Π
316 1670 502 1757 Frugalitas
526 1672 657 1736 miseria
680 1675 730 1736 est
752 1671 890 1737 rumoris
913 1671 1001 1736 boni.
1312 1670 1374 1734 193

266 1779 299 1843 Ζ
316 1778 507 1843 Famulatur
530 1779 689 1862 dominus,
712 1779 768 1844 ubi
792 1779 886 1844 timet
909 1777 1024 1862 quibus
1047 1777 1193 1862 imperat.

259 1903 294 1951 30
317 1884 425 1950 Facile
435 1887 580 1951 inuenies
591 1886 646 1970 qui
655 1886 736 1950 bene
747 1885 877 1968 faciant,
887 1905 958 1949 cum
970 1885 1024 1970 qui
1033 1883 1180 1948 fecerunt
1191 1885 1286 1950 coles.
1310 1886 1376 1950 664

317 1991 438 2058 Frenos
461 1994 590 2078 inponit
611 1994 742 2078 liuguae
765 1985 973 2086 conscientia.
1309 1994 1374 2058 665

226 2317 252 2366 et
265 2317 367 2380 poster.
387 2312 444 2366 loco
463 2311 494 2364 F
527 2310 692 2382 perdiditO
724 2311 824 2366 habet:
844 2311 938 2380 perdit
951 2311 982 2366 F
998 2313 1094 2381 priore
1112 2313 1169 2367 ioco
1233 2316 1265 2366 18
1281 2315 1377 2368 oberte

227 2401 255 2453 R
277 2401 350 2454 nulli
372 2401 459 2455 semel
478 2401 586 2455 oblesse
606 2401 767 2470 contempta
785 2403 828 2455 θεὴ
848 2400 880 2468 G,
904 2418 931 2456 n.
951 2418 1060 2470 semper
1079 2402 1175 2456 obesse
1195 2418 1218 2458 c.
1239 2418 1262 2456 θ.
1283 2401 1305 2455 S

230 2489 310 2542 19T
344 2490 447 2544 flumen
466 2489 496 2542 F
531 2489 643 2542 habitat
656 2505 706 2544 cru.
724 2487 752 2557 G,
772 2491 815 2544 est
833 2505 854 2545 s.
875 2490 923 2543 liu.
943 2489 1054 2545 habitat
1067 2491 1096 2558 S,
1115 2490 1214 2544 habita
1232 2491 1263 2544 ir.
1283 2493 1327 2544 est
1342 2491 1374 2558 Z,

229 2577 320 2647 agitat
331 2578 452 2633 Riooecc
487 2578 594 2632 fulmen
614 2580 657 2633 est
670 2579 766 2647 procul
782 2578 875 2634 dubio.
900 2580 1026 2648 potestas
1041 2594 1104 2634 cum
1118 2579 1264 2634 iracundia
1281 2580 1306 2632 Τ

229 2673 264 2720 20
283 2667 489 2721 frustraestS
526 2671 567 2721 est
589 2669 705 2721 uentum
723 2668 815 2722 Bruti.
851 2667 953 2737 recipis
976 2669 1007 2722 F
1040 2667 1156 2724 adulisc.
1184 2667 1222 2735 P,
1251 2667 1374 2723 adulesc.

228 2756 298 2824 BA,
317 2757 435 2810 adolesc.
456 2762 513 2812 cett.
551 2762 584 2810 21
604 2757 755 2812 maledicte
776 2757 866 2826 Pin,
892 2758 1070 2812 benedictum
1089 2757 1111 2812 S
1127 2775 1162 2811 m.
1185 2765 1207 2821 1,
1231 2758 1303 2825 quod
1318 2758 1377 2824 ipse

228 2848 392 2915 scripseram
433 2845 606 2899 mendatium
625 2845 653 2898 P
722 2853 755 2899 22
774 2847 989 2901 feminacturam
1007 2846 1096 2900 PAB
1114 2863 1148 2900 ur.
1165 2852 1178 2898 1
1200 2848 1248 2914 (na
1261 2846 1326 2901 odd.
1340 2863 1375 2899 ur.

228 2938 264 3002 2),
283 2934 389 2990 femina
408 2951 503 2992 curam
521 2935 558 3002 R,
576 2936 641 2990 fem.
660 2936 779 2992 tutelam
797 2937 888 2990 Beutl.
926 2951 1023 3006 gerere
1040 2935 1124 3001 Prile,
1143 2935 1235 2989 Bruti.
1250 2951 1284 2988 erc
1298 2936 1376 2990 codd.

264 3025 411 3093 regeredct
429 3040 508 3094 spere
529 3025 557 3078 P
592 3027 635 3080 est
654 3027 742 3079 otium
765 3025 853 3095 Puu,
872 3029 916 3080 est
933 3025 1049 3080 hodium
1069 3024 1103 3092 G,
1122 3023 1216 3078 odium
1237 3025 1280 3076 θεὴ
1298 3025 1374 3078 codd.

299 3119 333 3167 23
353 3113 406 3168 fac.
425 3118 458 3168 ut
476 3111 533 3168 diff.
552 3114 644 3168 Beutl.
685 3115 775 3168 leuius
796 3115 920 3184 perferas
934 3115 1065 3168 FBumb.
1080 3113 1188 3168 Monac.
1203 3118 1281 3166 3523.
1296 3119 1374 3166 5415.

231 3207 315 3267 9809;
334 3202 424 3256 lenius
443 3202 517 3257 feras
536 3205 608 3271 luc,
626 3221 714 3274 prope
732 3205 801 3274 perf.
817 3205 845 3260 S.
865 3205 1016 3274 perfeceris
1032 3203 1056 3257 0
1125 3208 1160 3256 24
1173 3204 1234 3256 tum
1248 3218 1299 3256 our.
1316 3203 1341 3254 Z

230 3291 350 3360 spendet
367 3291 403 3359 R,
422 3291 514 3360 fulget
531 3293 559 3344 B
630 3299 664 3346 25
683 3296 716 3348 ut
734 3295 763 3347 et
779 3294 853 3362 Iup„
871 3295 904 3347 ut
922 3295 952 3346 ct
969 3292 999 3346 id
1019 3292 1120 3346 Gruter
1156 3290 1281 3361 perferas
1297 3290 1374 3345 Puu·

229 3380 350 3434 thaicou:
376 3381 448 3434 feras
472 3382 549 3436 codd.
632 3387 666 3436 26
689 3381 807 3450 gradum
831 3380 944 3449 Nauck,
973 3383 1085 3452 gratum
1105 3382 1180 3434 codd.
1210 3381 1319 3449 (gutum
1337 3380 1376 3448 R)

229 3470 322 3522 ratum
340 3466 472 3534 siccaue
492 3469 603 3536 gratum
622 3468 692 3523 facit
709 3469 814 3536 Beutl.;
832 3470 897 3524 fort.
917 3471 1030 3538 gratum
1050 3470 1082 3523 L.
1102 3475 1127 3523 ct
1145 3471 1181 3523 A.
1201 3469 1342 3539 Spcuyelc'i

229 3574 312 3626 quem
333 3556 460 3610 PRAF
477 3558 538 3612 Iuc.
558 3563 619 3612 cic:
639 3576 702 3612 cum
715 3557 743 3611 B
757 3557 890 3625 Ribbeclc3
910 3558 955 3612 cui
967 3601 990 3614 ..
1006 3559 1114 3612 inuidet
1128 3559 1218 3613 Beuli.
1292 3564 1325 3612 27
1347 3557 1376 3611 in

229 3646 342 3700 homine
361 3646 480 3701 Ribbeck
499 3646 627 3716 Spcupcl:
655 3647 763 3702 homini
784 3647 965 3717 P⁵RFOZ‚
994 3647 1139 3702 hominum
1165 3647 1376 3716 1213210-

231 3735 351 3790 minibus
370 3736 471 3805 Bothe,
499 3737 528 3790 in
555 3754 585 3790 re
615 3737 691 3791 omni
716 3739 760 3792 uei
783 3737 819 3791 ad
848 3754 930 3792 omne
959 3738 1065 3803 Bruti,
1092 3737 1246 3790 humanum
1270 3736 1378 3806 Guspar

233 3821 317 3876 Orelli
354 3824 472 3880 consilio
490 3825 518 3878 A

302 3915 644 3969 neutralium.
669 3921 792 3970 8.9.17
837 3915 938 3984 ²15(F)
957 3933 991 3970 cu
1013 3919 1119 3972 11:28.
1146 3923 1177 3971 17
1259 3922 1293 3970 28
1313 3916 1379 3970 HF

232 4000 338 4055 Gellius
357 4009 399 4070 1⁷,
419 4009 459 4056 14.
503 4004 797 4073 Macrcb.Sut.2,1
834 4004 960 4059 miseria:
979 4005 1090 4060 'inserta
1109 4006 1226 4073 Gellius,
1255 4005 1377 4060 maceria

232 4092 277 4158 (a
291 4091 442 4162 materia?)
462 4093 617 4147 Gronovius
653 4091 793 4162 fragilitas
811 4093 931 4147 rumoris
949 4093 1015 4147 boni
1034 4093 1147 4148 miseria
1167 4096 1210 4148 est
1224 4093 1255 4147 F

304 4179 330 4232 Z
347 4179 396 4248 (Τ)
410 4181 488 4234 habet
506 4199 533 4237 u.
548 4189 591 4240 29.
602 4189 628 4236 9.
640 4188 682 4238 30.
695 4189 736 4237 11.
756 4188 796 4235 13,
811 4187 850 4235 19.
865 4187 906 4235 14.
922 4187 954 4234 31
1030 4187 1063 4235 29
1079 4181 1201 4251 imperat
1214 4199 1327 4251 prorsus
1345 4183 1376 4249 Τ,

233 4287 302 4326 corr.
315 4269 399 4323 Orelli
467 4276 500 4323 30
515 4269 653 4340 facileque
667 4271 774 4326 faciunt
788 4271 862 4326 bona
876 4271 1001 4325 inuenies
1016 4287 1079 4324 cum
1092 4271 1290 4340 laudandoque
1304 4273 1376 4326 fece-

232 4362 298 4414 runt
323 4358 398 4414 coles
424 4358 456 4424 Τ,
475 4350 545 4415 corr.
570 4361 670 4429 Haupt
705 4359 877 4415 inuenies..
898 4359 973 4414 colas
998 4360 1139 4428 Woelffliu
1220 4368 1252 4414 31
1274 4361 1378 4416 Frenus

232 4447 334 4518 inpone
353 4447 475 4516 linguae.
513 4447 623 4517 saepius
640 4449 812 4504 conscientia
829 4449 861 4518 F,
880 4465 949 4504 corr.
972 4448 1068 4518 Meyer
