3352 5138
313 318 354 381 10
417 316 566 372 Collectio:
586 314 769 386 Frisingensis
790 319 820 369 Ψ
838 316 884 385 (F.
906 287 940 370 Vi
953 329 984 386 ψ.
999 317 1080 373 Bart.
1095 337 1123 372 π.
1139 338 1166 374 α.
1181 339 1205 373 κ.
1223 337 1245 372 o.
1261 319 1347 389 pan).

310 503 391 566 rum,
413 481 467 546 ful.
489 481 525 544 3b
550 480 626 543 sine
653 479 863 563 inscriptione
892 480 1022 545 exhibet
1049 481 1268 566 fragmentum
1296 481 1458 546 collectio·

179 642 182 648 .
310 589 362 653 nis
379 593 422 673 H,
446 588 530 674 quod
555 587 639 651 edidi
659 587 692 652 in
716 585 972 672 ‘Sammlungen'
991 609 1022 671 p.
1037 589 1178 654 57-61.
1215 588 1325 653 Verba
1344 592 1459 672 poetae

231 713 235 720 ’
311 696 373 761 hoc
400 695 508 761 codice
536 717 603 759 non
632 694 715 759 male
743 693 864 758 tradita
891 697 980 777 sunt3
1013 697 1047 757 at
1079 695 1113 758 in
1144 695 1255 760 ordine
1283 695 1322 759 H
1346 717 1459 759 uersus

311 801 420 866 ‘homo
444 801 547 865 malus
568 823 640 865 cum
660 823 694 865 se
714 801 846 864 simulat
863 800 985 864 bonum
1004 803 1081 866 tunc
1101 805 1150 866 est
1169 800 1341 885 pessimus’
1365 802 1459 866 fictus

310 914 359 974 est
383 929 421 972 ex
443 930 521 972 uero
546 906 663 972 ‘Malus
688 907 809 973 bonum
828 908 885 972 ubi
904 929 938 971 se
958 907 1090 972 simulat
1107 913 1184 974 tunc
1203 912 1254 972 est
1271 906 1460 992 pessimus'3

310 1017 388 1080 item
416 1014 451 1078 in
479 1013 621 1078 codicem
644 1015 686 1078 H
708 1014 836 1079 intrusa
863 1017 913 1078 est
941 1015 1101 1080 sententia
1130 1013 1289 1080 ‘Gemitus
1314 1015 1459 1079 dolorem

312 1121 417 1207 magis
441 1121 606 1205 significat
629 1143 724 1206 quem
747 1119 913 1205 uindicat,
941 1143 1022 1206 quae
1052 1143 1124 1186 cum
1152 1143 1220 1187 non
1243 1122 1392 1206 suppleta
1416 1121 1460 1185 sit

311 1229 345 1294 in
370 1226 558 1292 collectione
586 1230 630 1309 Ψ,
653 1226 780 1291 uidetur
803 1248 870 1291 non
893 1225 993 1290 fuisse
1016 1227 1051 1292 in
1074 1227 1145 1311 ipsa
1164 1228 1354 1294 collectione
1373 1233 1407 1293 Π
1428 1231 1460 1292 et

311 1335 444 1400 omnino
469 1332 604 1397 delenda
627 1354 706 1398 esse.

400 1441 449 1506 De
473 1440 663 1505 collectione
686 1444 735 1524 H,
763 1441 852 1505 cuius
879 1441 1043 1528 integrum
1071 1441 1236 1525 exemplar
1259 1445 1295 1506 ut
1317 1441 1459 1506 inuenia-

311 1556 364 1614 tur
387 1548 481 1613 ualde
506 1547 685 1630 optandum
709 1551 767 1630 est,
790 1548 880 1612 etde
899 1547 1244 1633 codiceHdisputaui
1264 1548 1298 1612 in
1322 1545 1459 1612 ‘Samm-

311 1654 442 1742 lungen'
466 1677 496 1740 p.
520 1655 549 1718 4.
574 1653 604 1720 5.
630 1653 768 1720 15-31.
792 1655 845 1722 57.

417 1911 454 1970 Ψ
480 1902 691 1969 Collectio
719 1926 840 1989 quam
867 1905 1181 1992 Frisingensem
1209 1906 1361 1970 uocaui

311 2085 401 2150 cuius
425 2082 601 2168 imaginem
616 2082 821 2148 Woelfflinus
844 2084 933 2168 typis
962 2085 1133 2169 expressit,
1158 2107 1195 2149 ex
1215 2084 1459 2150 collectionibus

311 2195 349 2255 H
367 2194 399 2254 et
417 2193 452 2252 Σ
471 2189 534 2254 hoc
558 2189 653 2254 modo
677 2190 853 2254 commixta
875 2194 937 2255 est:
963 2190 1108 2273 Quidam,
1132 2191 1182 2255 cui
1205 2190 1372 2274 utriusque
1392 2190 1458 2253 col-

311 2298 460 2363 lectionis
484 2301 517 2360 Σ
539 2301 572 2360 et
594 2302 632 2360 H
651 2297 835 2381 exemplum
858 2297 899 2362 ad
922 2319 1037 2362 manus
1060 2303 1138 2379 erat,
1162 2297 1307 2382 singulos
1331 2295 1458 2360 ordines

312 2404 511 2469 collectionis
540 2407 574 2467 Σ
600 2403 804 2470 describebat
835 2405 1077 2490 descriptosque
1106 2426 1178 2470 cum
1206 2402 1396 2468 collectione
1425 2405 1463 2465 H

311 2510 499 2578 conferebat
521 2513 562 2595 et,
587 2532 668 2596 quae
691 2533 777 2576 noua
800 2513 833 2576 in
853 2517 891 2576 H
905 2512 1096 2596 reperiebat,
1120 2512 1154 2576 in
1172 2512 1236 2576 fine
1257 2509 1459 2595 singulorum

311 2617 460 2684 ordinum
484 2617 683 2682 collectionis
707 2622 742 2681 Σ
763 2617 910 2684 addebat.
951 2617 1065 2702 Itaque
1089 2620 1123 2684 in
1147 2618 1315 2683 ordinibus
1334 2616 1363 2680 A
1380 2615 1459 2681 ..M

311 2725 511 2790 collectionis
543 2728 580 2790 Ψ
605 2723 800 2807 praecedunt
827 2746 941 2789 uersus
966 2725 1164 2790 collectionis
1193 2729 1227 2789 Σ
1253 2747 1378 2808 omnes,
1411 2745 1458 2788 se·

312 2819 454 2918 quuntur
477 2854 599 2916 uersuS,
623 2832 678 2918 qui
703 2835 779 2896 sunt
801 2831 836 2896 in
858 2836 901 2915 H,
924 2853 990 2896 non
1013 2835 1091 2896 sunt
1113 2833 1147 2895 in
1169 2835 1214 2918 Σ;
1237 2831 1271 2896 in
1294 2831 1407 2896 ordine
1427 2828 1470 2926 N·

311 2940 507 3024 praecedunt
536 2939 577 3002 10
604 2960 716 3002 uersus
748 2941 780 3002 et
803 2937 981 3002 sententiae
1005 2938 1170 3020 pedestres
1194 2936 1394 3002 collectionis
1418 2939 1459 3019 Σ,

312 3048 491 3130 sequuntur
522 3066 634 3108 uersus
666 3045 734 3109 fere
767 3065 879 3107 omnes
912 3043 1111 3123 collectionis
1144 3048 1191 3127 H;
1224 3044 1259 3107 in
1291 3043 1458 3108 ordinibus

313 3150 431 3216 0..V
459 3148 512 3238 (Z)
546 3150 744 3236 praecedunt
776 3151 954 3213 sententiae
988 3149 1154 3233 prosaicae
1187 3149 1387 3214 collectionis
1418 3153 1460 3233 Σ,

313 3261 491 3344 sequuntur
514 3257 634 3342 integri
657 3278 808 3321 uersuum
832 3257 959 3322 ordines
983 3257 1183 3322 collectionis
1208 3261 1250 3321 H.

399 3365 451 3430 Ita
474 3365 620 3432 collectio
648 3369 685 3428 Ψ
706 3365 932 3449 complectitur
956 3365 1019 3430 649
1044 3385 1157 3440 uersus
1186 3361 1266 3450 (265
1294 3363 1457 3427 collectio-

312 3475 364 3538 nis
392 3477 427 3536 Σ
448 3478 480 3536 et
511 3472 578 3537 384
611 3471 812 3536 collectionis
841 3471 894 3557 H)
927 3475 960 3536 et
989 3472 1051 3536 149
1086 3471 1263 3536 sententias
1293 3468 1459 3552 prosaicas

312 3579 513 3645 collectionis
536 3581 576 3642 Σ.
623 3575 745 3642 Versus
768 3579 833 3644 308
857 3579 927 3642 sola
950 3579 1138 3646 collectione
1166 3583 1204 3642 Ψ
1225 3576 1345 3642 seruati
1374 3578 1459 3639 sunt.

402 3684 463 3761 Qui
487 3685 711 3750 collectionem
739 3689 776 3748 Ψ
797 3685 995 3770 composuit,
1023 3685 1180 3751 deteriore
1209 3684 1317 3750 codice
1345 3682 1459 3747 collec-

312 3793 411 3858 tionis
435 3797 475 3874 Σ,
504 3791 637 3856 meliore
669 3791 869 3856 collectionis
893 3783 930 3856 H
950 3814 1026 3856 usus
1051 3795 1111 3872 est,
1139 3789 1317 3856 nonnullos
1346 3809 1459 3852 uersus

313 3899 473 3964 erroribus
502 3900 559 3961 aut
585 3897 893 3982 interpolationibus
922 3899 1125 3982 deprauauit,
1153 3919 1264 3962 uersus
1288 3895 1304 3960 I
1331 3895 1380 3960 15.
1404 3894 1456 3958 34.

312 4006 338 4070 L
370 4007 390 4069 9
424 4004 627 4069 collectionis
659 4008 694 4067 Σ
724 4025 762 4068 ex
795 4004 903 4068 codice
933 4005 1134 4070 collectionis
1166 4010 1203 4069 H
1233 4002 1359 4067 videtur
1392 4024 1458 4068 ccr-

310 4113 438 4176 rexisse,

401 4216 557 4284 Collectio
585 4223 622 4281 Ψ
643 4219 773 4304 integra
796 4222 925 4283 seruata
949 4221 997 4282 est
1019 4217 1054 4281 in
1078 4217 1186 4282 codice
1208 4218 1248 4301 F,
1271 4216 1401 4282 initium
1424 4215 1459 4278 in

313 4325 420 4392 codice
449 4327 483 4410 V,
507 4330 657 4410 excerpta
679 4327 714 4390 in
738 4325 837 4390 uariis
862 4324 1035 4389 codicibus.

400 4433 436 4500 F
455 4433 554 4500 codex
578 4433 657 4500 olim
679 4432 907 4518 Frisingensis‚
930 4454 1014 4497 nunc
1037 4430 1241 4496 Monacensis
1264 4429 1356 4494 latin.
1371 4429 1459 4494 6292
